
    <marc:record>
        <marc:leader>01367nam a2200385 c 4500</marc:leader>
        <marc:controlfield tag="001">a6006687</marc:controlfield>
        <marc:controlfield tag="003">SpMaBN</marc:controlfield>
        <marc:controlfield tag="005">20180124173426.4</marc:controlfield>
        <marc:controlfield tag="008">170807s2017    sp a   | |||| 000 f cat </marc:controlfield>
        <marc:datafield tag="015" ind1=" " ind2=" ">
            <marc:subfield code="a">MON1801</marc:subfield>
        </marc:datafield>
        <marc:datafield tag="017" ind1=" " ind2=" ">
            <marc:subfield code="a">B 14511-2017</marc:subfield>
            <marc:subfield code="b">Oficina Depósito Legal Barcelona</marc:subfield>
        </marc:datafield>
        <marc:datafield tag="020" ind1=" " ind2=" ">
            <marc:subfield code="a">978-84-204-8707-6</marc:subfield>
        </marc:datafield>
        <marc:datafield tag="040" ind1=" " ind2=" ">
            <marc:subfield code="a">SpMaBN</marc:subfield>
            <marc:subfield code="b">spa</marc:subfield>
            <marc:subfield code="c">SpMaBN</marc:subfield>
            <marc:subfield code="e">rdc</marc:subfield>
        </marc:datafield>
        <marc:datafield tag="041" ind1="1" ind2=" ">
            <marc:subfield code="a">cat</marc:subfield>
            <marc:subfield code="h">eng</marc:subfield>
        </marc:datafield>
        <marc:datafield tag="080" ind1=" " ind2=" ">
            <marc:subfield code="a">821.111(73)-31"19"</marc:subfield>
        </marc:datafield>
        <marc:datafield tag="100" ind1="1" ind2=" ">
            <marc:subfield code="a">Martin, George R. R</marc:subfield>
            <marc:subfield code="1">http://viaf.org/viaf/98636170</marc:subfield>
            <marc:subfield code="4">aut</marc:subfield>
        </marc:datafield>
        <marc:datafield tag="240" ind1="1" ind2="2">
            <marc:subfield code="a">A game of thrones</marc:subfield>
            <marc:subfield code="l">Katalansk</marc:subfield>
            <marc:subfield code="1">http://viaf.org/viaf/312361845</marc:subfield>
        </marc:datafield>
        <marc:datafield tag="245" ind1="1" ind2="0">
            <marc:subfield code="a">Joc de trons</marc:subfield>
            <marc:subfield code="c">George R.R. Martin ; [Mercè Santaulària, Esther Roig i Anna Llisterri, traducció]</marc:subfield>
        </marc:datafield>
        <marc:datafield tag="250" ind1=" " ind2=" ">
            <marc:subfield code="a">1ª ed</marc:subfield>
        </marc:datafield>
        <marc:datafield tag="260" ind1=" " ind2=" ">
            <marc:subfield code="a">Madrid</marc:subfield>
            <marc:subfield code="b">Alfaguara</marc:subfield>
            <marc:subfield code="c">2017</marc:subfield>
        </marc:datafield>
        <marc:datafield tag="300" ind1=" " ind2=" ">
            <marc:subfield code="a">819 s</marc:subfield>
            <marc:subfield code="b">kart</marc:subfield>
            <marc:subfield code="c">21 cm</marc:subfield>
        </marc:datafield>
        <marc:datafield tag="336" ind1=" " ind2=" ">
            <marc:subfield code="a">text</marc:subfield>
            <marc:subfield code="b">txt</marc:subfield>
            <marc:subfield code="2">rdacontent</marc:subfield>
            <marc:subfield code="0">http://rdaregistry.info/termList/RDAContentType/1020</marc:subfield>
        </marc:datafield>
        <marc:datafield tag="337" ind1=" " ind2=" ">
            <marc:subfield code="a">unmediated</marc:subfield>
            <marc:subfield code="b">n</marc:subfield>
            <marc:subfield code="2">rdamedia</marc:subfield>
            <marc:subfield code="0">http://rdaregistry.info/termList/RDAMediaType/1007</marc:subfield>
        </marc:datafield>
        <marc:datafield tag="338" ind1=" " ind2=" ">
            <marc:subfield code="a">volume</marc:subfield>
            <marc:subfield code="b">nc</marc:subfield>
            <marc:subfield code="2">rdacarrier</marc:subfield>
            <marc:subfield code="0">http://rdaregistry.info/termList/RDACarrierType/1049</marc:subfield>
        </marc:datafield>
        <marc:datafield tag="380" ind1=" " ind2=" ">
            <marc:subfield code="a">Book</marc:subfield>
            <marc:subfield code="2">marcgt</marc:subfield>
        </marc:datafield>
        <marc:datafield tag="490" ind1="1" ind2=" ">
            <marc:subfield code="a">Cançó de gel i foc</marc:subfield>
        </marc:datafield>
        <marc:datafield tag="594" ind1=" " ind2=" ">
            <marc:subfield code="a">Originaltittel: A game of thrones</marc:subfield>
        </marc:datafield>
        <marc:datafield tag="655" ind1=" " ind2="7">
            <marc:subfield code="a">Fantasy</marc:subfield>
        </marc:datafield>
        <marc:datafield tag="655" ind1=" " ind2="7">
            <marc:subfield code="a">High fantasy</marc:subfield>
        </marc:datafield>
        <marc:datafield tag="655" ind1=" " ind2="7">
            <marc:subfield code="a">Romaner</marc:subfield>
        </marc:datafield>
        <marc:datafield tag="700" ind1="1" ind2=" ">
            <marc:subfield code="a">Santaulària, Mercè</marc:subfield>
            <marc:subfield code="e">oversetter</marc:subfield>
            <marc:subfield code="1">http://viaf.org/viaf/231871179</marc:subfield>
            <marc:subfield code="4">trl</marc:subfield>
        </marc:datafield>
        <marc:datafield tag="700" ind1="1" ind2=" ">
            <marc:subfield code="a">Roig, Esther</marc:subfield>
            <marc:subfield code="e">oversetter</marc:subfield>
            <marc:subfield code="1">http://viaf.org/viaf/280569342</marc:subfield>
            <marc:subfield code="4">trl</marc:subfield>
        </marc:datafield>
        <marc:datafield tag="700" ind1="1" ind2=" ">
            <marc:subfield code="a">Llisterri, Anna</marc:subfield>
            <marc:subfield code="e">oversetter</marc:subfield>
            <marc:subfield code="1">http://viaf.org/viaf/300009780</marc:subfield>
            <marc:subfield code="4">trl</marc:subfield>
        </marc:datafield>
        <marc:datafield tag="700" ind1="1" ind2=" ">
            <marc:subfield code="a">Sinclair, James</marc:subfield>
            <marc:subfield code="e">tegneserieskaper</marc:subfield>
            <marc:subfield code="1">http://viaf.org/viaf/265674091</marc:subfield>
            <marc:subfield code="4">adp</marc:subfield>
        </marc:datafield>
        <marc:datafield tag="800" ind1="1" ind2="0">
            <marc:subfield code="a">Martin, George R. R</marc:subfield>
            <marc:subfield code="t">A Song of Ice and Fire</marc:subfield>
            <marc:subfield code="l">Katalansk</marc:subfield>
            <marc:subfield code="v">1</marc:subfield>
            <marc:subfield code="1">http://viaf.org/viaf/98636170</marc:subfield>
            <marc:subfield code="4">aut</marc:subfield>
        </marc:datafield>
    </marc:record>