
    <marc:record>
        <marc:leader>03624ngm a22006493c 4500</marc:leader>
        <marc:controlfield tag="001">a5840782</marc:controlfield>
        <marc:controlfield tag="003">SpMaBN</marc:controlfield>
        <marc:controlfield tag="005">20190222151747.6</marc:controlfield>
        <marc:controlfield tag="007">vd*cvaizq</marc:controlfield>
        <marc:controlfield tag="008">160822s2016    sp 540 g          vlspa </marc:controlfield>
        <marc:datafield tag="017" ind1=" " ind2=" ">
            <marc:subfield code="a">M 20906-2016</marc:subfield>
            <marc:subfield code="b">Oficina Depósito Legal Madrid</marc:subfield>
        </marc:datafield>
        <marc:datafield tag="035" ind1=" " ind2=" ">
            <marc:subfield code="a">(OCoLC)957762207</marc:subfield>
        </marc:datafield>
        <marc:datafield tag="040" ind1=" " ind2=" ">
            <marc:subfield code="a">SpMaBN</marc:subfield>
            <marc:subfield code="b">spa</marc:subfield>
            <marc:subfield code="c">SpMaBN</marc:subfield>
            <marc:subfield code="e">rdc</marc:subfield>
        </marc:datafield>
        <marc:datafield tag="041" ind1="1" ind2=" ">
            <marc:subfield code="a">spa</marc:subfield>
            <marc:subfield code="a">eng</marc:subfield>
            <marc:subfield code="a">fre</marc:subfield>
            <marc:subfield code="a">cze</marc:subfield>
            <marc:subfield code="a">hun</marc:subfield>
            <marc:subfield code="a">pol</marc:subfield>
            <marc:subfield code="j">mul</marc:subfield>
            <marc:subfield code="h">eng</marc:subfield>
        </marc:datafield>
        <marc:datafield tag="130" ind1="0" ind2=" ">
            <marc:subfield code="a">Game of thrones</marc:subfield>
            <marc:subfield code="1">http://viaf.org/viaf/1148703893936930740</marc:subfield>
        </marc:datafield>
        <marc:datafield tag="240" ind1="1" ind2="0">
            <marc:subfield code="a">Game of thrones</marc:subfield>
            <marc:subfield code="1">http://viaf.org/viaf/1148703893936930740</marc:subfield>
        </marc:datafield>
        <marc:datafield tag="245" ind1="1" ind2="0">
            <marc:subfield code="a">Juego de tronos</marc:subfield>
            <marc:subfield code="n">Primera temporada completa</marc:subfield>
            <marc:subfield code="c">created by David Benioff, D.B. Weiss</marc:subfield>
        </marc:datafield>
        <marc:datafield tag="260" ind1=" " ind2=" ">
            <marc:subfield code="a">Madrid</marc:subfield>
            <marc:subfield code="b">distribuida en España por Warner Bros. Entertainment España</marc:subfield>
            <marc:subfield code="c">2016</marc:subfield>
        </marc:datafield>
        <marc:datafield tag="300" ind1=" " ind2=" ">
            <marc:subfield code="a">5 DVD (540 min)</marc:subfield>
        </marc:datafield>
        <marc:datafield tag="336" ind1=" " ind2=" ">
            <marc:subfield code="a">two-dimensional moving image</marc:subfield>
            <marc:subfield code="b">tdi</marc:subfield>
            <marc:subfield code="2">rdacontent</marc:subfield>
            <marc:subfield code="0">http://rdaregistry.info/termList/RDAContentType/1023</marc:subfield>
        </marc:datafield>
        <marc:datafield tag="337" ind1=" " ind2=" ">
            <marc:subfield code="a">video</marc:subfield>
            <marc:subfield code="b">v</marc:subfield>
            <marc:subfield code="2">rdamedia</marc:subfield>
            <marc:subfield code="0">http://rdaregistry.info/termList/RDAMediaType/1008</marc:subfield>
        </marc:datafield>
        <marc:datafield tag="338" ind1=" " ind2=" ">
            <marc:subfield code="a">videodisc</marc:subfield>
            <marc:subfield code="b">vd</marc:subfield>
            <marc:subfield code="2">rdacarrier</marc:subfield>
            <marc:subfield code="0">http://rdaregistry.info/termList/RDACarrierType/1060</marc:subfield>
        </marc:datafield>
        <marc:datafield tag="380" ind1=" " ind2=" ">
            <marc:subfield code="a">Motion picture</marc:subfield>
            <marc:subfield code="2">marcgt</marc:subfield>
        </marc:datafield>
        <marc:datafield tag="500" ind1=" " ind2=" ">
            <marc:subfield code="a">Basada en "Canción de hielo y fuego" de George R.R. Martin</marc:subfield>
        </marc:datafield>
        <marc:datafield tag="500" ind1=" " ind2=" ">
            <marc:subfield code="a">Producida por HBO</marc:subfield>
        </marc:datafield>
        <marc:datafield tag="500" ind1=" " ind2=" ">
            <marc:subfield code="a">Incluye contenido extra</marc:subfield>
        </marc:datafield>
        <marc:datafield tag="505" ind1=" " ind2="0">
            <marc:subfield code="a">DVD 1. Episodios 1-2 -- DVD 2. Episodios 3-4 -- DVD 3. Episodios 5-6 -- DVD 4. Episodios 7-8 -- Disco 5. Episodios 9-10</marc:subfield>
        </marc:datafield>
        <marc:datafield tag="511" ind1="1" ind2=" ">
            <marc:subfield code="a">Sean Bean, Mark Addy, Nikolaj Coster-Waldau</marc:subfield>
        </marc:datafield>
        <marc:datafield tag="518" ind1=" " ind2=" ">
            <marc:subfield code="a">Serie de televisión realizada desde 2011 en Estados Unidos</marc:subfield>
        </marc:datafield>
        <marc:datafield tag="518" ind1=" " ind2=" ">
            <marc:subfield code="a">Lugares de rodaje: Irlanda, Malta</marc:subfield>
        </marc:datafield>
        <marc:datafield tag="520" ind1="3" ind2=" ">
            <marc:subfield code="a">La historia se desarrolla en un mundo ficticio de carácter medieval donde hay Siete Reinos. Hay tres líneas argumentales principales: la crónica de la guerra civil dinástica por el control de Poniente, la creciente amenaza de los Otros, seres desconocidos que viven al otro lado de un inmenso muro de hielo y el viaje de Daenerys Targaryen</marc:subfield>
        </marc:datafield>
        <marc:datafield tag="521" ind1="1" ind2=" ">
            <marc:subfield code="a">No recomendada para menores de 12 años</marc:subfield>
        </marc:datafield>
        <marc:datafield tag="546" ind1=" " ind2=" ">
            <marc:subfield code="a">Versiones en castellano, inglés, francés, checo, húngaro y polaco con subtítulos opcionales en catellano, inglés codificado para sordos, francés, checo, húngaro, polaco, holandés, croata, danés, finlandés, griego, hebreo, noruego, portugués, rumano, serbio, esloveno, sueco y turco</marc:subfield>
        </marc:datafield>
        <marc:datafield tag="597" ind1=" " ind2=" ">
            <marc:subfield code="a">Formato de película 1.85:1</marc:subfield>
        </marc:datafield>
        <marc:datafield tag="597" ind1=" " ind2=" ">
            <marc:subfield code="a">Formato de pantalla 16:9</marc:subfield>
        </marc:datafield>
        <marc:datafield tag="655" ind1=" " ind2="7">
            <marc:subfield code="a">TV-serier</marc:subfield>
        </marc:datafield>
        <marc:datafield tag="655" ind1=" " ind2="7">
            <marc:subfield code="a">Fantasy</marc:subfield>
        </marc:datafield>
        <marc:datafield tag="655" ind1=" " ind2="7">
            <marc:subfield code="a">High fantasy</marc:subfield>
        </marc:datafield>
        <marc:datafield tag="700" ind1="1" ind2=" ">
            <marc:subfield code="a">Benioff, David</marc:subfield>
            <marc:subfield code="e">serieskaper</marc:subfield>
            <marc:subfield code="1">http://viaf.org/viaf/79180016</marc:subfield>
            <marc:subfield code="4">cre</marc:subfield>
        </marc:datafield>
        <marc:datafield tag="700" ind1="1" ind2=" ">
            <marc:subfield code="a">Weiss, D. B</marc:subfield>
            <marc:subfield code="e">serieskaper</marc:subfield>
            <marc:subfield code="1">http://viaf.org/viaf/249659417</marc:subfield>
            <marc:subfield code="4">cre</marc:subfield>
        </marc:datafield>
        <marc:datafield tag="700" ind1="1" ind2=" ">
            <marc:subfield code="a">Patten, Tim Van</marc:subfield>
            <marc:subfield code="e">regissør</marc:subfield>
            <marc:subfield code="1">http://viaf.org/viaf/68533496</marc:subfield>
            <marc:subfield code="4">drt</marc:subfield>
        </marc:datafield>
        <marc:datafield tag="700" ind1="1" ind2=" ">
            <marc:subfield code="a">Martin, George R. R</marc:subfield>
            <marc:subfield code="i">Adapted as television program work</marc:subfield>
            <marc:subfield code="t">A song of ice and fire</marc:subfield>
            <marc:subfield code="1">http://viaf.org/viaf/258305993</marc:subfield>
            <marc:subfield code="4">http://rdaregistry.info/Elements/w/adaptedAsTelevisionProgramWork.en</marc:subfield>
        </marc:datafield>
        <marc:datafield tag="700" ind1="1" ind2=" ">
            <marc:subfield code="a">Huffam, Mark</marc:subfield>
            <marc:subfield code="e">produsent</marc:subfield>
            <marc:subfield code="1">http://viaf.org/viaf/95048965</marc:subfield>
            <marc:subfield code="4">pro</marc:subfield>
        </marc:datafield>
        <marc:datafield tag="700" ind1="1" ind2=" ">
            <marc:subfield code="a">Doelger, Frank</marc:subfield>
            <marc:subfield code="e">produsent</marc:subfield>
            <marc:subfield code="1">http://viaf.org/viaf/205039742</marc:subfield>
            <marc:subfield code="4">pro</marc:subfield>
        </marc:datafield>
        <marc:datafield tag="700" ind1="1" ind2=" ">
            <marc:subfield code="a">Bean, Sean</marc:subfield>
            <marc:subfield code="e">skuespiller</marc:subfield>
            <marc:subfield code="1">http://viaf.org/viaf/117664428</marc:subfield>
            <marc:subfield code="4">act</marc:subfield>
        </marc:datafield>
        <marc:datafield tag="700" ind1="1" ind2=" ">
            <marc:subfield code="a">Addy, Mark</marc:subfield>
            <marc:subfield code="e">skuespiller</marc:subfield>
            <marc:subfield code="1">http://viaf.org/viaf/54348370</marc:subfield>
            <marc:subfield code="4">act</marc:subfield>
        </marc:datafield>
        <marc:datafield tag="700" ind1="1" ind2=" ">
            <marc:subfield code="a">Coster-Waldau, Nikolaj</marc:subfield>
            <marc:subfield code="e">skuespiller</marc:subfield>
            <marc:subfield code="1">http://viaf.org/viaf/21907879</marc:subfield>
            <marc:subfield code="4">act</marc:subfield>
        </marc:datafield>
    </marc:record>