
    <marc:record>
        <marc:leader>01815nam a2200289 a 4500</marc:leader>
        <marc:controlfield tag="001">0506624</marc:controlfield>
        <marc:controlfield tag="008">111101b                          1 nob </marc:controlfield>
        <marc:datafield tag="015" ind1=" " ind2=" ">
            <marc:subfield code="a">0280190</marc:subfield>
        </marc:datafield>
        <marc:datafield tag="015" ind1=" " ind2=" ">
            <marc:subfield code="a">9563874</marc:subfield>
        </marc:datafield>
        <marc:datafield tag="020" ind1=" " ind2=" ">
            <marc:subfield code="a">978-82-93059-44-8</marc:subfield>
            <marc:subfield code="c">Nkr 299,00</marc:subfield>
        </marc:datafield>
        <marc:datafield tag="041" ind1=" " ind2=" ">
            <marc:subfield code="a">nob</marc:subfield>
            <marc:subfield code="h">eng</marc:subfield>
        </marc:datafield>
        <marc:datafield tag="100" ind1="1" ind2=" ">
            <marc:subfield code="a">Martin, George R. R</marc:subfield>
            <marc:subfield code="1">http://viaf.org/viaf/98636170</marc:subfield>
            <marc:subfield code="4">aut</marc:subfield>
        </marc:datafield>
        <marc:datafield tag="240" ind1="1" ind2="2">
            <marc:subfield code="a">A clash of kings</marc:subfield>
            <marc:subfield code="l">Norsk</marc:subfield>
            <marc:subfield code="1">http://viaf.org/viaf/2277147270456135700008</marc:subfield>
        </marc:datafield>
        <marc:datafield tag="245" ind1="1" ind2="0">
            <marc:subfield code="a">Dragenes dronning</marc:subfield>
            <marc:subfield code="b">bok 2 - del 2</marc:subfield>
            <marc:subfield code="c">George R. R. Martin ; oversatt av Thomas Ingebrigtsen Lem og T. Ohrvik</marc:subfield>
        </marc:datafield>
        <marc:datafield tag="260" ind1=" " ind2=" ">
            <marc:subfield code="a">Kristiansund</marc:subfield>
            <marc:subfield code="b">Vendetta forlag</marc:subfield>
            <marc:subfield code="c">2012</marc:subfield>
        </marc:datafield>
        <marc:datafield tag="300" ind1=" " ind2=" ">
            <marc:subfield code="a">592 s</marc:subfield>
        </marc:datafield>
        <marc:datafield tag="336" ind1=" " ind2=" ">
            <marc:subfield code="a">text</marc:subfield>
            <marc:subfield code="b">txt</marc:subfield>
            <marc:subfield code="2">rdacontent</marc:subfield>
            <marc:subfield code="0">http://rdaregistry.info/termList/RDAContentType/1020</marc:subfield>
        </marc:datafield>
        <marc:datafield tag="337" ind1=" " ind2=" ">
            <marc:subfield code="a">unmediated</marc:subfield>
            <marc:subfield code="b">n</marc:subfield>
            <marc:subfield code="2">rdamedia</marc:subfield>
            <marc:subfield code="0">http://rdaregistry.info/termList/RDAMediaType/1007</marc:subfield>
        </marc:datafield>
        <marc:datafield tag="338" ind1=" " ind2=" ">
            <marc:subfield code="a">volume</marc:subfield>
            <marc:subfield code="b">nc</marc:subfield>
            <marc:subfield code="2">rdacarrier</marc:subfield>
            <marc:subfield code="0">http://rdaregistry.info/termList/RDACarrierType/1049</marc:subfield>
        </marc:datafield>
        <marc:datafield tag="380" ind1=" " ind2=" ">
            <marc:subfield code="a">Book</marc:subfield>
            <marc:subfield code="2">marcgt</marc:subfield>
        </marc:datafield>
        <marc:datafield tag="490" ind1="0" ind2=" ">
            <marc:subfield code="a">En sang om is og ild ;</marc:subfield>
            <marc:subfield code="v">bok 2, del 2</marc:subfield>
        </marc:datafield>
        <marc:datafield tag="520" ind1=" " ind2=" ">
            <marc:subfield code="a">Mens kongene kriger i sør, kjemper Nattevakten i nord mot den kommende vinteren, skrælinger og De andre. På samme tid, over Den smale sjøen, planlegger en dronning og dragene hennes invasjon av De syv rikene. Hvem vil ta sitt sete i Jerntronen, og hvem vil dø? Her fortsetter historien fra "Kongenes kamp" (bok 3)</marc:subfield>
        </marc:datafield>
        <marc:datafield tag="655" ind1=" " ind2="7">
            <marc:subfield code="a">Fantasy</marc:subfield>
        </marc:datafield>
        <marc:datafield tag="655" ind1=" " ind2="7">
            <marc:subfield code="a">High fantasy</marc:subfield>
        </marc:datafield>
        <marc:datafield tag="655" ind1=" " ind2="7">
            <marc:subfield code="a">Romaner</marc:subfield>
        </marc:datafield>
        <marc:datafield tag="700" ind1="0" ind2=" ">
            <marc:subfield code="a">Lem, Thomas Ingebrigtsen</marc:subfield>
            <marc:subfield code="e">oversetter</marc:subfield>
            <marc:subfield code="1">http://viaf.org/viaf/175145970246432251905</marc:subfield>
            <marc:subfield code="4">trl</marc:subfield>
        </marc:datafield>
        <marc:datafield tag="700" ind1="0" ind2=" ">
            <marc:subfield code="a">Ohrvik, T</marc:subfield>
            <marc:subfield code="e">oversetter</marc:subfield>
            <marc:subfield code="1">http://viaf.org/viaf/46145970351032252797</marc:subfield>
            <marc:subfield code="4">trl</marc:subfield>
        </marc:datafield>
        <marc:datafield tag="780" ind1="0" ind2="0">
            <marc:subfield code="t">Kongenes kamp</marc:subfield>
            <marc:subfield code="1">http://viaf.org/viaf/2277147270456135700008</marc:subfield>
        </marc:datafield>
        <marc:datafield tag="785" ind1="0" ind2="0">
            <marc:subfield code="t">Stål og snø</marc:subfield>
            <marc:subfield code="1">http://viaf.org/viaf/1419145424636986831361</marc:subfield>
        </marc:datafield>
    </marc:record>