
    <marc:record>
        <marc:leader>03264ngm a2200505 a 4500</marc:leader>
        <marc:controlfield tag="001">0511703</marc:controlfield>
        <marc:controlfield tag="008">120523b                          1 mul </marc:controlfield>
        <marc:datafield tag="015" ind1=" " ind2=" ">
            <marc:subfield code="a">0278210</marc:subfield>
        </marc:datafield>
        <marc:datafield tag="015" ind1=" " ind2=" ">
            <marc:subfield code="a">8340270</marc:subfield>
        </marc:datafield>
        <marc:datafield tag="020" ind1=" " ind2=" ">
            <marc:subfield code="c">Nkr 480.00</marc:subfield>
        </marc:datafield>
        <marc:datafield tag="041" ind1=" " ind2=" ">
            <marc:subfield code="a">engfrespaczehunpol</marc:subfield>
            <marc:subfield code="b">danfinnobsweczehrvdutfregrehunpolporrumsrcslvspatureng</marc:subfield>
            <marc:subfield code="h">eng</marc:subfield>
        </marc:datafield>
        <marc:datafield tag="240" ind1="1" ind2="0">
            <marc:subfield code="a">Game of thrones</marc:subfield>
            <marc:subfield code="1">http://viaf.org/viaf/1148703893936930740</marc:subfield>
        </marc:datafield>
        <marc:datafield tag="245" ind1="0" ind2="0">
            <marc:subfield code="a">Game of thrones</marc:subfield>
            <marc:subfield code="c">created by David Benioff &amp; D.B. Weiss</marc:subfield>
            <marc:subfield code="n">The complete first season</marc:subfield>
        </marc:datafield>
        <marc:datafield tag="260" ind1=" " ind2=" ">
            <marc:subfield code="a">Oslo</marc:subfield>
            <marc:subfield code="b">Warner Bros. Entertainment Norge</marc:subfield>
            <marc:subfield code="c">2012</marc:subfield>
        </marc:datafield>
        <marc:datafield tag="300" ind1=" " ind2=" ">
            <marc:subfield code="a">5 DVD (8 t, 58 min)</marc:subfield>
        </marc:datafield>
        <marc:datafield tag="336" ind1=" " ind2=" ">
            <marc:subfield code="a">two-dimensional moving image</marc:subfield>
            <marc:subfield code="b">tdi</marc:subfield>
            <marc:subfield code="2">rdacontent</marc:subfield>
            <marc:subfield code="0">http://rdaregistry.info/termList/RDAContentType/1023</marc:subfield>
        </marc:datafield>
        <marc:datafield tag="337" ind1=" " ind2=" ">
            <marc:subfield code="a">video</marc:subfield>
            <marc:subfield code="b">v</marc:subfield>
            <marc:subfield code="2">rdamedia</marc:subfield>
            <marc:subfield code="0">http://rdaregistry.info/termList/RDAMediaType/1008</marc:subfield>
        </marc:datafield>
        <marc:datafield tag="338" ind1=" " ind2=" ">
            <marc:subfield code="a">videodisc</marc:subfield>
            <marc:subfield code="b">vd</marc:subfield>
            <marc:subfield code="2">rdacarrier</marc:subfield>
            <marc:subfield code="0">http://rdaregistry.info/termList/RDACarrierType/1060</marc:subfield>
        </marc:datafield>
        <marc:datafield tag="380" ind1=" " ind2=" ">
            <marc:subfield code="a">Motion picture</marc:subfield>
            <marc:subfield code="2">marcgt</marc:subfield>
        </marc:datafield>
        <marc:datafield tag="500" ind1=" " ind2=" ">
            <marc:subfield code="a">Basert på romanserien: En sang om is og ild / George R.R. Martin</marc:subfield>
        </marc:datafield>
        <marc:datafield tag="503" ind1=" " ind2=" ">
            <marc:subfield code="a">Produksjonsår: 2011</marc:subfield>
        </marc:datafield>
        <marc:datafield tag="511" ind1="0" ind2=" ">
            <marc:subfield code="a">I rollene: Lena Headey, Jack Gleeson, Michelle Fairley m.fl</marc:subfield>
        </marc:datafield>
        <marc:datafield tag="520" ind1=" " ind2=" ">
            <marc:subfield code="a">Denne storstilte nye dramaserien fra HBO er basert på den bestselgende bokserien En sang om is og ild av George R.R. Martin. Handlingen er lagt til en fantasiverden der de mektige familiene i De Syv Riker kjemper om maktsetet Jerntronen. Det er en historie om dobbeltspill og forræderi, adel og ære, seier og triumf. I denne maktkampen kan du vinne - eller dø. Serien er vist på norsk tv og fikk terningkast 5-6 i norske aviser</marc:subfield>
        </marc:datafield>
        <marc:datafield tag="521" ind1=" " ind2=" ">
            <marc:subfield code="a">Aldersgrense 15 år</marc:subfield>
        </marc:datafield>
        <marc:datafield tag="655" ind1=" " ind2=" ">
            <marc:subfield code="a">TV-serier</marc:subfield>
        </marc:datafield>
        <marc:datafield tag="655" ind1=" " ind2=" ">
            <marc:subfield code="a">Fantasy</marc:subfield>
        </marc:datafield>
        <marc:datafield tag="655" ind1=" " ind2=" ">
            <marc:subfield code="a">High fantasy</marc:subfield>
        </marc:datafield>
        <marc:datafield tag="700" ind1="1" ind2=" ">
            <marc:subfield code="a">Benioff, David</marc:subfield>
            <marc:subfield code="e">serieskaper</marc:subfield>
            <marc:subfield code="1">http://viaf.org/viaf/79180016</marc:subfield>
            <marc:subfield code="4">cre</marc:subfield>
        </marc:datafield>
        <marc:datafield tag="700" ind1="1" ind2=" ">
            <marc:subfield code="a">Weiss, D.B</marc:subfield>
            <marc:subfield code="e">serieskaper</marc:subfield>
            <marc:subfield code="1">http://viaf.org/viaf/249659417</marc:subfield>
            <marc:subfield code="4">cre</marc:subfield>
        </marc:datafield>
        <marc:datafield tag="700" ind1="1" ind2=" ">
            <marc:subfield code="a">Martin, George R. R</marc:subfield>
            <marc:subfield code="i">Adapted as television program work</marc:subfield>
            <marc:subfield code="t">A song of ice and fire</marc:subfield>
            <marc:subfield code="1">http://viaf.org/viaf/258305993</marc:subfield>
            <marc:subfield code="4">http://rdaregistry.info/Elements/w/adaptedAsTelevisionProgramWork.en</marc:subfield>
        </marc:datafield>
        <marc:datafield tag="700" ind1="1" ind2=" ">
            <marc:subfield code="a">Fairley, Michelle</marc:subfield>
            <marc:subfield code="e">skuespiller</marc:subfield>
            <marc:subfield code="1">http://viaf.org/viaf/171868053</marc:subfield>
            <marc:subfield code="4">act</marc:subfield>
        </marc:datafield>
        <marc:datafield tag="700" ind1="1" ind2=" ">
            <marc:subfield code="a">Gleeson, Jack</marc:subfield>
            <marc:subfield code="e">skuespiller</marc:subfield>
            <marc:subfield code="1">http://viaf.org/viaf/233353138</marc:subfield>
            <marc:subfield code="4">act</marc:subfield>
        </marc:datafield>
        <marc:datafield tag="700" ind1="1" ind2=" ">
            <marc:subfield code="a">Headey, Lena</marc:subfield>
            <marc:subfield code="e">skuespiller</marc:subfield>
            <marc:subfield code="1">http://viaf.org/viaf/24811606</marc:subfield>
            <marc:subfield code="4">act</marc:subfield>
        </marc:datafield>
    </marc:record>