
    <marc:record>
        <marc:leader>01482nam a2200217 a 4500</marc:leader>
        <marc:controlfield tag="001">0536779</marc:controlfield>
        <marc:controlfield tag="008">111101b                          1 nob </marc:controlfield>
        <marc:datafield tag="015" ind1=" " ind2=" ">
            <marc:subfield code="a">0340598</marc:subfield>
        </marc:datafield>
        <marc:datafield tag="020" ind1=" " ind2=" ">
            <marc:subfield code="a">9788293059783</marc:subfield>
            <marc:subfield code="c">Nkr 299.00</marc:subfield>
        </marc:datafield>
        <marc:datafield tag="041" ind1="1" ind2=" ">
            <marc:subfield code="a">nob</marc:subfield>
            <marc:subfield code="h">eng</marc:subfield>
        </marc:datafield>
        <marc:datafield tag="100" ind1="1" ind2=" ">
            <marc:subfield code="a">Martin, George R. R</marc:subfield>
            <marc:subfield code="1">http://viaf.org/viaf/98636170</marc:subfield>
            <marc:subfield code="4">aut</marc:subfield>
        </marc:datafield>
        <marc:datafield tag="240" ind1="1" ind2="2">
            <marc:subfield code="a">A feast for crows</marc:subfield>
            <marc:subfield code="l">Norsk</marc:subfield>
            <marc:subfield code="1">http://viaf.org/viaf/308008044</marc:subfield>
        </marc:datafield>
        <marc:datafield tag="245" ind1="1" ind2="0">
            <marc:subfield code="a">Kråkenes gilde : bok 4 - del 1</marc:subfield>
            <marc:subfield code="c">George R. R. Martin</marc:subfield>
        </marc:datafield>
        <marc:datafield tag="260" ind1=" " ind2=" ">
            <marc:subfield code="a">Kristiansund</marc:subfield>
            <marc:subfield code="b">Vendetta forlag</marc:subfield>
            <marc:subfield code="c">2013</marc:subfield>
        </marc:datafield>
        <marc:datafield tag="336" ind1=" " ind2=" ">
            <marc:subfield code="a">text</marc:subfield>
            <marc:subfield code="b">txt</marc:subfield>
            <marc:subfield code="2">rdacontent</marc:subfield>
            <marc:subfield code="0">http://rdaregistry.info/termList/RDAContentType/1020</marc:subfield>
        </marc:datafield>
        <marc:datafield tag="337" ind1=" " ind2=" ">
            <marc:subfield code="a">unmediated</marc:subfield>
            <marc:subfield code="b">n</marc:subfield>
            <marc:subfield code="2">rdamedia</marc:subfield>
            <marc:subfield code="0">http://rdaregistry.info/termList/RDAMediaType/1007</marc:subfield>
        </marc:datafield>
        <marc:datafield tag="338" ind1=" " ind2=" ">
            <marc:subfield code="a">volume</marc:subfield>
            <marc:subfield code="b">nc</marc:subfield>
            <marc:subfield code="2">rdacarrier</marc:subfield>
            <marc:subfield code="0">http://rdaregistry.info/termList/RDACarrierType/1049</marc:subfield>
        </marc:datafield>
        <marc:datafield tag="380" ind1=" " ind2=" ">
            <marc:subfield code="a">Book</marc:subfield>
            <marc:subfield code="2">marcgt</marc:subfield>
        </marc:datafield>
        <marc:datafield tag="490" ind1="0" ind2=" ">
            <marc:subfield code="a">En sang om is og ild ;</marc:subfield>
            <marc:subfield code="v">bok 4 - del 1</marc:subfield>
        </marc:datafield>
        <marc:datafield tag="520" ind1=" " ind2=" ">
            <marc:subfield code="a">Krigen i De syv rikene er avsluttet, men har etterlatt seg mye bitterhet som gir grobunn for nye konflikter. De Andre truer Muren i det iskalde nord, og Samwell Tarly bringer et ukjent spedbarn til Citadellet. Både Hus Martin og Hus Stark ønsker hevn for sine døde. Samtidig samler Daenerys Targaryen en hær, han skal seile over for å kreve sin rettmessige krone tilbake. Dette er den syvende boken på norsk i sagaen En sang om is og ild</marc:subfield>
        </marc:datafield>
        <marc:datafield tag="655" ind1=" " ind2=" ">
            <marc:subfield code="a">Fantasy</marc:subfield>
        </marc:datafield>
        <marc:datafield tag="655" ind1=" " ind2=" ">
            <marc:subfield code="a">High fantasy</marc:subfield>
        </marc:datafield>
        <marc:datafield tag="655" ind1=" " ind2=" ">
            <marc:subfield code="a">Romaner</marc:subfield>
        </marc:datafield>
        <marc:datafield tag="780" ind1="0" ind2="0">
            <marc:subfield code="t">Blod og gull</marc:subfield>
            <marc:subfield code="1">http://viaf.org/viaf/1419145424636986831361</marc:subfield>
        </marc:datafield>
        <marc:datafield tag="785" ind1="0" ind2="0">
            <marc:subfield code="t">Drømmer og støv</marc:subfield>
            <marc:subfield code="1">http://viaf.org/viaf/308052782</marc:subfield>
        </marc:datafield>
    </marc:record>