
    <marc:record>
        <marc:leader>02811nam a2200373 a 4500</marc:leader>
        <marc:controlfield tag="001">0571049</marc:controlfield>
        <marc:controlfield tag="008">160121b                          1 nob </marc:controlfield>
        <marc:datafield tag="015" ind1=" " ind2=" ">
            <marc:subfield code="a">0456094</marc:subfield>
        </marc:datafield>
        <marc:datafield tag="015" ind1=" " ind2=" ">
            <marc:subfield code="a">10414742</marc:subfield>
        </marc:datafield>
        <marc:datafield tag="020" ind1=" " ind2=" ">
            <marc:subfield code="a">978-82-8299-029-5</marc:subfield>
            <marc:subfield code="c">Nkr 349.00</marc:subfield>
        </marc:datafield>
        <marc:datafield tag="041" ind1="1" ind2=" ">
            <marc:subfield code="a">nob</marc:subfield>
            <marc:subfield code="h">eng</marc:subfield>
        </marc:datafield>
        <marc:datafield tag="100" ind1="1" ind2=" ">
            <marc:subfield code="a">Martin, George R. R</marc:subfield>
            <marc:subfield code="1">http://viaf.org/viaf/98636170</marc:subfield>
            <marc:subfield code="4">aut</marc:subfield>
        </marc:datafield>
        <marc:datafield tag="240" ind1="1" ind2="2">
            <marc:subfield code="a">A knight of the seven kingdoms</marc:subfield>
            <marc:subfield code="l">Norsk</marc:subfield>
            <marc:subfield code="1">http://viaf.org/viaf/316383422</marc:subfield>
        </marc:datafield>
        <marc:datafield tag="245" ind1="1" ind2="0">
            <marc:subfield code="a">Ridderen av de syv riker</marc:subfield>
            <marc:subfield code="c">George R.R. Martin ; oversatt av T.I. Lem</marc:subfield>
        </marc:datafield>
        <marc:datafield tag="260" ind1=" " ind2=" ">
            <marc:subfield code="a">Kristiansund</marc:subfield>
            <marc:subfield code="b">Vendetta</marc:subfield>
            <marc:subfield code="c">2015</marc:subfield>
        </marc:datafield>
        <marc:datafield tag="300" ind1=" " ind2=" ">
            <marc:subfield code="a">318 s</marc:subfield>
        </marc:datafield>
        <marc:datafield tag="336" ind1=" " ind2=" ">
            <marc:subfield code="a">text</marc:subfield>
            <marc:subfield code="b">txt</marc:subfield>
            <marc:subfield code="2">rdacontent</marc:subfield>
            <marc:subfield code="0">http://rdaregistry.info/termList/RDAContentType/1020</marc:subfield>
        </marc:datafield>
        <marc:datafield tag="337" ind1=" " ind2=" ">
            <marc:subfield code="a">unmediated</marc:subfield>
            <marc:subfield code="b">n</marc:subfield>
            <marc:subfield code="2">rdamedia</marc:subfield>
            <marc:subfield code="0">http://rdaregistry.info/termList/RDAMediaType/1007</marc:subfield>
        </marc:datafield>
        <marc:datafield tag="338" ind1=" " ind2=" ">
            <marc:subfield code="a">volume</marc:subfield>
            <marc:subfield code="b">nc</marc:subfield>
            <marc:subfield code="2">rdacarrier</marc:subfield>
            <marc:subfield code="0">http://rdaregistry.info/termList/RDACarrierType/1049</marc:subfield>
        </marc:datafield>
        <marc:datafield tag="380" ind1=" " ind2=" ">
            <marc:subfield code="a">Book</marc:subfield>
            <marc:subfield code="2">marcgt</marc:subfield>
        </marc:datafield>
        <marc:datafield tag="520" ind1=" " ind2=" ">
            <marc:subfield code="a">Denne boka samler de tre første offisielle kortromanene som er forløp̜ere til George R.R. Martins verk En sang om is og ild. Før Tyrion Lannister og Podrick Payne fantes Dunk og Egg. Den unge og naive Ser Duncan the Tall rager over sine rivaler. Hans følgesvenn er adelsgutten Egg - hvis sanne identitet må holdes skjult, for i virkeligheten er han Aegon Targaryen, som en dag vil bli konge. De er usannsynlige helter, men likevel ligger store skjebner foran Dunk og Egg. Mektige fiender, kongelige intriger og utnyttelser. Ridder av de syv riker skildrer en tid da Targaryen-linjen fortsatt besitter Jerntronen, og minnet om den siste dragen ennå ikke har forsvunnet fra menneskenes hukommelse</marc:subfield>
        </marc:datafield>
        <marc:datafield tag="655" ind1=" " ind2=" ">
            <marc:subfield code="a">Fantasy</marc:subfield>
        </marc:datafield>
        <marc:datafield tag="655" ind1=" " ind2=" ">
            <marc:subfield code="a">High fantasy</marc:subfield>
        </marc:datafield>
        <marc:datafield tag="655" ind1=" " ind2=" ">
            <marc:subfield code="a">Kortromaner</marc:subfield>
        </marc:datafield>
        <marc:datafield tag="700" ind1="1" ind2=" ">
            <marc:subfield code="a">Lem, Thomas Ingebrigtsen</marc:subfield>
            <marc:subfield code="e">oversetter</marc:subfield>
            <marc:subfield code="1">http://viaf.org/viaf/175145970246432251905</marc:subfield>
            <marc:subfield code="4">trl</marc:subfield>
        </marc:datafield>
        <marc:datafield tag="740" ind1="0" ind2="0">
            <marc:subfield code="a">Den herreløse ridderen</marc:subfield>
        </marc:datafield>
        <marc:datafield tag="740" ind1="0" ind2="0">
            <marc:subfield code="a">Den mystiske ridderen</marc:subfield>
        </marc:datafield>
        <marc:datafield tag="740" ind1="0" ind2="0">
            <marc:subfield code="a">Det edsvorne sverdet</marc:subfield>
        </marc:datafield>
    </marc:record>