
    <marc:record>
        <marc:leader>02680cam a22005775i 4500</marc:leader>
        <marc:controlfield tag="001">20775307</marc:controlfield>
        <marc:controlfield tag="005">20181211092902.0</marc:controlfield>
        <marc:controlfield tag="008">181211s2018    nyua     6    000 1 eng d</marc:controlfield>
        <marc:datafield tag="010" ind1=" " ind2=" ">
            <marc:subfield code="a">  2018377432</marc:subfield>
        </marc:datafield>
        <marc:datafield tag="020" ind1=" " ind2=" ">
            <marc:subfield code="a">9780440423249</marc:subfield>
        </marc:datafield>
        <marc:datafield tag="020" ind1=" " ind2=" ">
            <marc:subfield code="a">0440423244</marc:subfield>
        </marc:datafield>
        <marc:datafield tag="035" ind1=" " ind2=" ">
            <marc:subfield code="a">(OCoLC)on1022199375</marc:subfield>
        </marc:datafield>
        <marc:datafield tag="040" ind1=" " ind2=" ">
            <marc:subfield code="a">YDX</marc:subfield>
            <marc:subfield code="b">eng</marc:subfield>
            <marc:subfield code="c">YDX</marc:subfield>
            <marc:subfield code="e">rda</marc:subfield>
            <marc:subfield code="d">ORK</marc:subfield>
            <marc:subfield code="d">OEM</marc:subfield>
            <marc:subfield code="d">VP@</marc:subfield>
            <marc:subfield code="d">OCLCF</marc:subfield>
            <marc:subfield code="d">BDX</marc:subfield>
            <marc:subfield code="d">TXMIN</marc:subfield>
            <marc:subfield code="d">CGP</marc:subfield>
            <marc:subfield code="d">BKL</marc:subfield>
            <marc:subfield code="d">UAP</marc:subfield>
            <marc:subfield code="d">OCLCQ</marc:subfield>
            <marc:subfield code="d">NYP</marc:subfield>
            <marc:subfield code="d">QS5</marc:subfield>
            <marc:subfield code="d">DLC</marc:subfield>
        </marc:datafield>
        <marc:datafield tag="100" ind1="1" ind2=" ">
            <marc:subfield code="a">Walker, Landry Q</marc:subfield>
            <marc:subfield code="q">(Landry Quinn)</marc:subfield>
            <marc:subfield code="4">adp</marc:subfield>
        </marc:datafield>
        <marc:datafield tag="240" ind1="1" ind2="0">
            <marc:subfield code="a">A clash of kings: the graphic novel</marc:subfield>
            <marc:subfield code="1">http://viaf.org/viaf/2277147270456135700008</marc:subfield>
        </marc:datafield>
        <marc:datafield tag="245" ind1="1" ind2="2">
            <marc:subfield code="a">A clash of kings</marc:subfield>
            <marc:subfield code="b">the graphic novel</marc:subfield>
            <marc:subfield code="n">Volume 1</marc:subfield>
            <marc:subfield code="c">George R. R. Martin ; adapted by Landry Q. Walker</marc:subfield>
        </marc:datafield>
        <marc:datafield tag="246" ind1="1" ind2="2">
            <marc:subfield code="a">A clash of kings</marc:subfield>
            <marc:subfield code="n">Volume one</marc:subfield>
        </marc:datafield>
        <marc:datafield tag="260" ind1=" " ind2=" ">
            <marc:subfield code="a">New York</marc:subfield>
            <marc:subfield code="b">Bantam Books</marc:subfield>
            <marc:subfield code="c">2018</marc:subfield>
        </marc:datafield>
        <marc:datafield tag="300" ind1=" " ind2=" ">
            <marc:subfield code="a">1 v. (unpaged):</marc:subfield>
            <marc:subfield code="b">ill</marc:subfield>
            <marc:subfield code="c">27 cm</marc:subfield>
        </marc:datafield>
        <marc:datafield tag="336" ind1=" " ind2=" ">
            <marc:subfield code="a">text</marc:subfield>
            <marc:subfield code="b">txt</marc:subfield>
            <marc:subfield code="2">rdacontent</marc:subfield>
            <marc:subfield code="0">http://rdaregistry.info/termList/RDAContentType/1020</marc:subfield>
        </marc:datafield>
        <marc:datafield tag="336" ind1=" " ind2=" ">
            <marc:subfield code="a">still image</marc:subfield>
            <marc:subfield code="b">sti</marc:subfield>
            <marc:subfield code="2">rdacontent</marc:subfield>
            <marc:subfield code="0">http://rdaregistry.info/termList/RDAContentType/1014</marc:subfield>
        </marc:datafield>
        <marc:datafield tag="337" ind1=" " ind2=" ">
            <marc:subfield code="a">unmediated</marc:subfield>
            <marc:subfield code="b">n</marc:subfield>
            <marc:subfield code="2">rdamedia</marc:subfield>
            <marc:subfield code="0">http://rdaregistry.info/termList/RDAMediaType/1007</marc:subfield>
        </marc:datafield>
        <marc:datafield tag="338" ind1=" " ind2=" ">
            <marc:subfield code="a">volume</marc:subfield>
            <marc:subfield code="b">nc</marc:subfield>
            <marc:subfield code="2">rdacarrier</marc:subfield>
            <marc:subfield code="0">http://rdaregistry.info/termList/RDACarrierType/1049</marc:subfield>
        </marc:datafield>
        <marc:datafield tag="380" ind1=" " ind2=" ">
            <marc:subfield code="a">Comic or graphic novel</marc:subfield>
            <marc:subfield code="2">marcgt</marc:subfield>
        </marc:datafield>
        <marc:datafield tag="490" ind1="0" ind2=" ">
            <marc:subfield code="a">A Song of Ice and Fire ;</marc:subfield>
            <marc:subfield code="v">2</marc:subfield>
        </marc:datafield>
        <marc:datafield tag="520" ind1=" " ind2=" ">
            <marc:subfield code="a">"The four-part graphic novel adaptation of A Game of Thrones proved that George R.R. Martin's A Song of Ice and Fire has the power to enchant in any medium. Now the story continues as New York Times bestselling author Landry Q. Walker and illustrator Mel Rubi introduce a thrilling new series based on the second book in the landmark saga"--Amazon.com</marc:subfield>
        </marc:datafield>
        <marc:datafield tag="655" ind1=" " ind2=" ">
            <marc:subfield code="a">Fantasy</marc:subfield>
        </marc:datafield>
        <marc:datafield tag="655" ind1=" " ind2=" ">
            <marc:subfield code="a">High fantasy</marc:subfield>
        </marc:datafield>
        <marc:datafield tag="655" ind1=" " ind2=" ">
            <marc:subfield code="a">Tegneserieromaner</marc:subfield>
        </marc:datafield>
        <marc:datafield tag="700" ind1="1" ind2=" ">
            <marc:subfield code="a">Rubi, Mel</marc:subfield>
            <marc:subfield code="e">illustratør</marc:subfield>
            <marc:subfield code="1">http://viaf.org/viaf/2409228</marc:subfield>
            <marc:subfield code="4">ill</marc:subfield>
        </marc:datafield>
        <marc:datafield tag="700" ind1="1" ind2=" ">
            <marc:subfield code="a">Nunes, Ivan</marc:subfield>
            <marc:subfield code="e">illustratør</marc:subfield>
            <marc:subfield code="1">http://viaf.org/viaf/232901827</marc:subfield>
            <marc:subfield code="4">ill</marc:subfield>
        </marc:datafield>
        <marc:datafield tag="700" ind1="1" ind2=" ">
            <marc:subfield code="a">Bowland, Simon</marc:subfield>
            <marc:subfield code="e">letterer</marc:subfield>
            <marc:subfield code="1">http://viaf.org/viaf/83498608</marc:subfield>
            <marc:subfield code="4">cll</marc:subfield>
        </marc:datafield>
        <marc:datafield tag="700" ind1="1" ind2=" ">
            <marc:subfield code="a">Martin, George R. R</marc:subfield>
            <marc:subfield code="i">is graphic novelization of work</marc:subfield>
            <marc:subfield code="t">A Clash of Kings</marc:subfield>
            <marc:subfield code="1">http://viaf.org/viaf/2277147270456135700008</marc:subfield>
            <marc:subfield code="4">http://rdaregistry.info/Elements/w/graphicNovelizationOfWork.en</marc:subfield>
        </marc:datafield>
        <marc:datafield tag="700" ind1="1" ind2=" ">
            <marc:subfield code="a">Martin, George R. R</marc:subfield>
            <marc:subfield code="e">opprinnelig forfatter</marc:subfield>
            <marc:subfield code="1">http://viaf.org/viaf/98636170</marc:subfield>
            <marc:subfield code="4">aut</marc:subfield>
        </marc:datafield>
    </marc:record>