
    <marc:record>
        <marc:leader>02923cam a22003257a 4500</marc:leader>
        <marc:controlfield tag="001">17441155</marc:controlfield>
        <marc:controlfield tag="005">20141216153217.0</marc:controlfield>
        <marc:controlfield tag="008">120824s2012    txuad         000 0 eng d</marc:controlfield>
        <marc:datafield tag="010" ind1=" " ind2=" ">
            <marc:subfield code="a">  2012454471</marc:subfield>
        </marc:datafield>
        <marc:datafield tag="020" ind1=" " ind2=" ">
            <marc:subfield code="a">9781936661749</marc:subfield>
        </marc:datafield>
        <marc:datafield tag="020" ind1=" " ind2=" ">
            <marc:subfield code="a">1936661748</marc:subfield>
        </marc:datafield>
        <marc:datafield tag="035" ind1=" " ind2=" ">
            <marc:subfield code="a">(OCoLC)ocn760974073</marc:subfield>
        </marc:datafield>
        <marc:datafield tag="040" ind1=" " ind2=" ">
            <marc:subfield code="a">BTCTA</marc:subfield>
            <marc:subfield code="b">eng</marc:subfield>
            <marc:subfield code="c">BTCTA</marc:subfield>
            <marc:subfield code="d">DEL</marc:subfield>
            <marc:subfield code="d">ORX</marc:subfield>
            <marc:subfield code="d">CLE</marc:subfield>
            <marc:subfield code="d">JP7</marc:subfield>
            <marc:subfield code="d">DLC</marc:subfield>
        </marc:datafield>
        <marc:datafield tag="082" ind1="0" ind2="4">
            <marc:subfield code="a">813.54</marc:subfield>
            <marc:subfield code="2">23</marc:subfield>
        </marc:datafield>
        <marc:datafield tag="100" ind1="1" ind2=" ">
            <marc:subfield code="a">Lowder, James</marc:subfield>
            <marc:subfield code="1">http://viaf.org/viaf/79545011</marc:subfield>
            <marc:subfield code="4">edt</marc:subfield>
        </marc:datafield>
        <marc:datafield tag="240" ind1="1" ind2="0">
            <marc:subfield code="a">Beyond the wall</marc:subfield>
            <marc:subfield code="1">http://viaf.org/viaf/9561151052012833530007</marc:subfield>
        </marc:datafield>
        <marc:datafield tag="245" ind1="0" ind2="0">
            <marc:subfield code="a">Beyond the wall</marc:subfield>
            <marc:subfield code="b">exploring George R.R. Martin's A Song of Ice and Fire, from A game of thrones to A dance with Dragons</marc:subfield>
            <marc:subfield code="c">edited by James Lowder</marc:subfield>
        </marc:datafield>
        <marc:datafield tag="260" ind1=" " ind2=" ">
            <marc:subfield code="a">Dallas, TX</marc:subfield>
            <marc:subfield code="b">Smart Pop/BenBella Books, Inc</marc:subfield>
            <marc:subfield code="c">2012</marc:subfield>
        </marc:datafield>
        <marc:datafield tag="300" ind1=" " ind2=" ">
            <marc:subfield code="a">220 s</marc:subfield>
            <marc:subfield code="b">ill</marc:subfield>
            <marc:subfield code="c">21 cm</marc:subfield>
        </marc:datafield>
        <marc:datafield tag="336" ind1=" " ind2=" ">
            <marc:subfield code="a">text</marc:subfield>
            <marc:subfield code="b">txt</marc:subfield>
            <marc:subfield code="2">rdacontent</marc:subfield>
            <marc:subfield code="0">http://rdaregistry.info/termList/RDAContentType/1020</marc:subfield>
        </marc:datafield>
        <marc:datafield tag="337" ind1=" " ind2=" ">
            <marc:subfield code="a">unmediated</marc:subfield>
            <marc:subfield code="b">n</marc:subfield>
            <marc:subfield code="2">rdamedia</marc:subfield>
            <marc:subfield code="0">http://rdaregistry.info/termList/RDAMediaType/1007</marc:subfield>
        </marc:datafield>
        <marc:datafield tag="338" ind1=" " ind2=" ">
            <marc:subfield code="a">volume</marc:subfield>
            <marc:subfield code="b">nc</marc:subfield>
            <marc:subfield code="2">rdacarrier</marc:subfield>
            <marc:subfield code="0">http://rdaregistry.info/termList/RDACarrierType/1049</marc:subfield>
        </marc:datafield>
        <marc:datafield tag="380" ind1=" " ind2=" ">
            <marc:subfield code="a">Book</marc:subfield>
            <marc:subfield code="2">marcgt</marc:subfield>
        </marc:datafield>
        <marc:datafield tag="520" ind1=" " ind2=" ">
            <marc:subfield code="a">"The epic game of thrones chronicled in George R.R. Martin's A Song of Ice and Fire series has captured the imaginations of millions of readers. In Beyond the wall, bestselling authors and acclaimed critics offer up thought-provoking essays and compelling insights..."--Cover p. [4]</marc:subfield>
        </marc:datafield>
        <marc:datafield tag="505" ind1="0" ind2=" ">
            <marc:subfield code="a">Foreword : stories for the nights to come / R.A. Salvatore -- Introduction : in praise of living history / James Lowder -- The palace of love, the palace of sorrow : Romanticism in A Song of Ice and Fire / Linda Antonsson and Elio M. García, Jr. -- Men and monsters : rape, myth-making, and the rise and fall of nations in A Song of Ice and Fire / Alyssa Rosenberg -- Same song in a different key : adapting A game of thrones as a graphic novel / Daniel Abraham -- An unreliable world : history and timekeeping in Westeros / Adam Whitehead -- Back to the egg : the prequels to A Song of Ice and Fire / Gary Westfahl -- Art imitates war : post-traumatic stress disorder in A Song of Ice and Fire / Myke Cole -- The brutal cost of redemption in Westeros : or, what moral ambiguity? / Susan Vaught -- Of direwolves and gods / Andrew Zimmerman Jones -- A sword without a hilt : the dangers of magic in (and to) Westeros / Jesse Scoble -- Petyr Baelish and the mask of sanity / Matt Staggs -- A different kind of other : the role of freaks and outcasts in A Song of Ice and Fire / Brent Hartinger -- Power and feminism in Westeros / Caroline Spector -- Collecting Ice and fire in the age of Nook and Kindle / John Jos. Miller -- Beyond the ghetto : how George R.R. Martin fights the genre wars / Ned Vizzini</marc:subfield>
        </marc:datafield>
        <marc:datafield tag="650" ind1=" " ind2=" ">
            <marc:subfield code="a">A Song of Ice and Fire</marc:subfield>
        </marc:datafield>
        <marc:datafield tag="700" ind1="1" ind2=" ">
            <marc:subfield code="a">Martin, George R. R</marc:subfield>
            <marc:subfield code="i">is based on work</marc:subfield>
            <marc:subfield code="t">A song of ice and fire</marc:subfield>
            <marc:subfield code="1">http://viaf.org/viaf/258305993</marc:subfield>
            <marc:subfield code="4">http://rdaregistry.info/Elements/w/basedOnWork.en</marc:subfield>
        </marc:datafield>
    </marc:record>