
    <marc:record>
        <marc:leader>02443cam a2200421 i 4500</marc:leader>
        <marc:controlfield tag="001">17641021</marc:controlfield>
        <marc:controlfield tag="005">20160415090010.0</marc:controlfield>
        <marc:controlfield tag="008">130228t20122007nyub          000 f spa </marc:controlfield>
        <marc:datafield tag="010" ind1=" " ind2=" ">
            <marc:subfield code="a">  2012454712</marc:subfield>
        </marc:datafield>
        <marc:datafield tag="020" ind1=" " ind2=" ">
            <marc:subfield code="a">9780307951212</marc:subfield>
        </marc:datafield>
        <marc:datafield tag="020" ind1=" " ind2=" ">
            <marc:subfield code="a">0307951219</marc:subfield>
        </marc:datafield>
        <marc:datafield tag="040" ind1=" " ind2=" ">
            <marc:subfield code="a">DLC</marc:subfield>
            <marc:subfield code="b">eng</marc:subfield>
            <marc:subfield code="c">DLC</marc:subfield>
            <marc:subfield code="e">rda</marc:subfield>
            <marc:subfield code="d">DLC</marc:subfield>
        </marc:datafield>
        <marc:datafield tag="041" ind1="1" ind2=" ">
            <marc:subfield code="a">spa</marc:subfield>
            <marc:subfield code="h">eng</marc:subfield>
        </marc:datafield>
        <marc:datafield tag="100" ind1="1" ind2=" ">
            <marc:subfield code="a">Martin, George R. R</marc:subfield>
            <marc:subfield code="1">http://viaf.org/viaf/98636170</marc:subfield>
            <marc:subfield code="4">aut</marc:subfield>
        </marc:datafield>
        <marc:datafield tag="240" ind1="1" ind2="2">
            <marc:subfield code="a">A feast for crows</marc:subfield>
            <marc:subfield code="l">Spansk</marc:subfield>
            <marc:subfield code="1">http://viaf.org/viaf/308008044</marc:subfield>
        </marc:datafield>
        <marc:datafield tag="245" ind1="1" ind2="0">
            <marc:subfield code="a">Festin de cuervos</marc:subfield>
            <marc:subfield code="c">George R.R. Martin ; traducciâon por Cristina Macía y Natalia Cervera</marc:subfield>
        </marc:datafield>
        <marc:datafield tag="260" ind1=" " ind2=" ">
            <marc:subfield code="a">Nueva York</marc:subfield>
            <marc:subfield code="b">Vintage Español, Und división de Random House, Inc</marc:subfield>
            <marc:subfield code="c">2012</marc:subfield>
        </marc:datafield>
        <marc:datafield tag="300" ind1=" " ind2=" ">
            <marc:subfield code="a">869 s</marc:subfield>
            <marc:subfield code="b">ill., kart ;</marc:subfield>
            <marc:subfield code="c">21 cm</marc:subfield>
        </marc:datafield>
        <marc:datafield tag="336" ind1=" " ind2=" ">
            <marc:subfield code="a">text</marc:subfield>
            <marc:subfield code="b">txt</marc:subfield>
            <marc:subfield code="2">rdacontent</marc:subfield>
            <marc:subfield code="0">http://rdaregistry.info/termList/RDAContentType/1020</marc:subfield>
        </marc:datafield>
        <marc:datafield tag="337" ind1=" " ind2=" ">
            <marc:subfield code="a">unmediated</marc:subfield>
            <marc:subfield code="b">n</marc:subfield>
            <marc:subfield code="2">rdamedia</marc:subfield>
            <marc:subfield code="0">http://rdaregistry.info/termList/RDAMediaType/1007</marc:subfield>
        </marc:datafield>
        <marc:datafield tag="338" ind1=" " ind2=" ">
            <marc:subfield code="a">volume</marc:subfield>
            <marc:subfield code="b">nc</marc:subfield>
            <marc:subfield code="2">rdacarrier</marc:subfield>
            <marc:subfield code="0">http://rdaregistry.info/termList/RDACarrierType/1049</marc:subfield>
        </marc:datafield>
        <marc:datafield tag="380" ind1=" " ind2=" ">
            <marc:subfield code="a">Book</marc:subfield>
            <marc:subfield code="2">marcgt</marc:subfield>
        </marc:datafield>
        <marc:datafield tag="520" ind1=" " ind2=" ">
            <marc:subfield code="a">Tras siglos de guerras descarnadas, los siete poderes que dividen la tierra se han diezmado unos a otros hasta alcanzar una difícil tregua. Muy pocos reclamos legítimos existen ya por el Trono de Hierro, y la guerra que ha convertido al mundo en poco más un desierto al fin ha terminado. O eso parece. No pasa mucho tiempo antes de que los sobrevivioentes, los proscritos, los renegados y los carroñeros de los Siete Reinos se reúnan. Ahora, como cuervos humanos que acechan un banquete de cenizas, nuevas intrigas y peligrosas alianzas se forman, a la vez que rostros sorprendentes--algunos familiares, otros desconocidos--emergen de un siniestro crepúsculo de caos y luchas pasadas para sumir los desafíos de los terribles tiempos que se avecinan. Nobles y plebeyos, soldados y hechiceros, asesinos y sabios se unen para hacer valer su vida y sus fortunas. Porque en un festín de cuervos, muchos son los invitados... pero sólo unos pocos logran sobrevivir. -- Cover, p. [4]</marc:subfield>
        </marc:datafield>
        <marc:datafield tag="655" ind1=" " ind2="7">
            <marc:subfield code="a">Fantasy</marc:subfield>
        </marc:datafield>
        <marc:datafield tag="655" ind1=" " ind2="7">
            <marc:subfield code="a">High fantasy</marc:subfield>
        </marc:datafield>
        <marc:datafield tag="655" ind1=" " ind2="7">
            <marc:subfield code="a">Romaner</marc:subfield>
        </marc:datafield>
        <marc:datafield tag="700" ind1="1" ind2=" ">
            <marc:subfield code="a">Macía, Cristina</marc:subfield>
            <marc:subfield code="e">oversetter</marc:subfield>
            <marc:subfield code="1">http://viaf.org/viaf/36603742</marc:subfield>
            <marc:subfield code="4">trl</marc:subfield>
        </marc:datafield>
        <marc:datafield tag="700" ind1="1" ind2=" ">
            <marc:subfield code="a">Cervera, Natalia</marc:subfield>
            <marc:subfield code="e">oversetter</marc:subfield>
            <marc:subfield code="1">http://viaf.org/viaf/293934324</marc:subfield>
            <marc:subfield code="4">trl</marc:subfield>
        </marc:datafield>
    </marc:record>