
    <marc:record>
        <marc:leader>03719cam a2200673 i 4500</marc:leader>
        <marc:controlfield tag="001">20774060</marc:controlfield>
        <marc:controlfield tag="005">20181210112142.0</marc:controlfield>
        <marc:controlfield tag="008">181210t20182018nyuaj  e      000 1 eng d</marc:controlfield>
        <marc:datafield tag="010" ind1=" " ind2=" ">
            <marc:subfield code="a">  2018296545</marc:subfield>
        </marc:datafield>
        <marc:datafield tag="020" ind1=" " ind2=" ">
            <marc:subfield code="a">9781524796280</marc:subfield>
        </marc:datafield>
        <marc:datafield tag="020" ind1=" " ind2=" ">
            <marc:subfield code="a">152479628X</marc:subfield>
        </marc:datafield>
        <marc:datafield tag="020" ind1=" " ind2=" ">
            <marc:subfield code="z">9781524796297</marc:subfield>
        </marc:datafield>
        <marc:datafield tag="035" ind1=" " ind2=" ">
            <marc:subfield code="a">(OCoLC)on1061503913</marc:subfield>
        </marc:datafield>
        <marc:datafield tag="040" ind1=" " ind2=" ">
            <marc:subfield code="a">NjBwBT</marc:subfield>
            <marc:subfield code="b">eng</marc:subfield>
            <marc:subfield code="c">FMG</marc:subfield>
            <marc:subfield code="e">rda</marc:subfield>
            <marc:subfield code="d">FMG</marc:subfield>
            <marc:subfield code="d">LE@</marc:subfield>
            <marc:subfield code="d">PCX</marc:subfield>
            <marc:subfield code="d">FMF</marc:subfield>
            <marc:subfield code="d">RB0</marc:subfield>
            <marc:subfield code="d">WHWPL</marc:subfield>
            <marc:subfield code="d">ILC</marc:subfield>
            <marc:subfield code="d">VP@</marc:subfield>
            <marc:subfield code="d">TCH</marc:subfield>
            <marc:subfield code="d">OJ4</marc:subfield>
            <marc:subfield code="d">JQM</marc:subfield>
            <marc:subfield code="d">ZGR</marc:subfield>
            <marc:subfield code="d">IUK</marc:subfield>
            <marc:subfield code="d">TXA</marc:subfield>
            <marc:subfield code="d">JVQ</marc:subfield>
            <marc:subfield code="d">NDS</marc:subfield>
            <marc:subfield code="d">IBI</marc:subfield>
            <marc:subfield code="d">CPS</marc:subfield>
            <marc:subfield code="d">ETC</marc:subfield>
            <marc:subfield code="d">GK8</marc:subfield>
            <marc:subfield code="d">OCLCF</marc:subfield>
            <marc:subfield code="d">WIM</marc:subfield>
            <marc:subfield code="d">JBU</marc:subfield>
            <marc:subfield code="d">KZS</marc:subfield>
            <marc:subfield code="d">MWD</marc:subfield>
            <marc:subfield code="d">BMLLS</marc:subfield>
            <marc:subfield code="d">PRSPR</marc:subfield>
            <marc:subfield code="d">HQD</marc:subfield>
            <marc:subfield code="d">FWR</marc:subfield>
            <marc:subfield code="d">INR</marc:subfield>
            <marc:subfield code="d">DLC</marc:subfield>
        </marc:datafield>
        <marc:datafield tag="100" ind1="1" ind2=" ">
            <marc:subfield code="a">Martin, George R. R</marc:subfield>
            <marc:subfield code="1">http://viaf.org/viaf/98636170</marc:subfield>
            <marc:subfield code="4">aut</marc:subfield>
        </marc:datafield>
        <marc:datafield tag="240" ind1="1" ind2="0">
            <marc:subfield code="a">Fire &amp; blood</marc:subfield>
            <marc:subfield code="1">https://www.wikidata.org/wiki/Q55611675</marc:subfield>
        </marc:datafield>
        <marc:datafield tag="245" ind1="1" ind2="0">
            <marc:subfield code="a">Fire &amp; blood</marc:subfield>
            <marc:subfield code="c">George R. R. Martin ; illustrations by Doug Wheatley</marc:subfield>
        </marc:datafield>
        <marc:datafield tag="246" ind1="3" ind2=" ">
            <marc:subfield code="a">Fire and blood</marc:subfield>
        </marc:datafield>
        <marc:datafield tag="250" ind1=" " ind2=" ">
            <marc:subfield code="a">1st. ed</marc:subfield>
        </marc:datafield>
        <marc:datafield tag="260" ind1=" " ind2=" ">
            <marc:subfield code="a">New York</marc:subfield>
            <marc:subfield code="b">Bantam Books</marc:subfield>
            <marc:subfield code="c">2018</marc:subfield>
        </marc:datafield>
        <marc:datafield tag="300" ind1=" " ind2=" ">
            <marc:subfield code="a">706 s. ;</marc:subfield>
            <marc:subfield code="b">ill., slektstre ;</marc:subfield>
            <marc:subfield code="c">25 cm</marc:subfield>
        </marc:datafield>
        <marc:datafield tag="336" ind1=" " ind2=" ">
            <marc:subfield code="a">text</marc:subfield>
            <marc:subfield code="b">txt</marc:subfield>
            <marc:subfield code="2">rdacontent</marc:subfield>
            <marc:subfield code="0">http://rdaregistry.info/termList/RDAContentType/1020</marc:subfield>
        </marc:datafield>
        <marc:datafield tag="337" ind1=" " ind2=" ">
            <marc:subfield code="a">unmediated</marc:subfield>
            <marc:subfield code="b">n</marc:subfield>
            <marc:subfield code="2">rdamedia</marc:subfield>
            <marc:subfield code="0">http://rdaregistry.info/termList/RDAMediaType/1007</marc:subfield>
        </marc:datafield>
        <marc:datafield tag="338" ind1=" " ind2=" ">
            <marc:subfield code="a">volume</marc:subfield>
            <marc:subfield code="b">nc</marc:subfield>
            <marc:subfield code="2">rdacarrier</marc:subfield>
            <marc:subfield code="0">http://rdaregistry.info/termList/RDACarrierType/1049</marc:subfield>
        </marc:datafield>
        <marc:datafield tag="380" ind1=" " ind2=" ">
            <marc:subfield code="a">Book</marc:subfield>
            <marc:subfield code="2">marcgt</marc:subfield>
        </marc:datafield>
        <marc:datafield tag="490" ind1="0" ind2=" ">
            <marc:subfield code="a">History of the Targaryen kings of Westeros ;</marc:subfield>
            <marc:subfield code="v">1</marc:subfield>
        </marc:datafield>
        <marc:datafield tag="500" ind1=" " ind2=" ">
            <marc:subfield code="a">"Portions of this book were previously published, some in an abridged form"--Verso of title page</marc:subfield>
        </marc:datafield>
        <marc:datafield tag="500" ind1=" " ind2=" ">
            <marc:subfield code="a">"300 years before A Game of Thrones, dragons ruled Westeros"--Cover</marc:subfield>
        </marc:datafield>
        <marc:datafield tag="500" ind1=" " ind2=" ">
            <marc:subfield code="a">Includes lineages and family tree</marc:subfield>
        </marc:datafield>
        <marc:datafield tag="520" ind1=" " ind2=" ">
            <marc:subfield code="a">This is the first volume of the definitive two-part history of the Targaryens in Westeros and covers Aegon I (the Conqueror) to the regency of Aegon III (the Dragonslayer). House Targaryen was the only family of dragonlords to survive the Doom of Valyria, and took up residence on Dragonstone. Re-hear tales of the legendary Aegon the Conqueror, creator of the Iron Throne. Meet the generations of Targaryens who fought to hold that iconic seat, from Aegon the Conqueror all the way up to the civil war that nearly tore their dynasty apart. What really happened during the Dance of the Dragons? Why was it so deadly to visit Valyria after the Doom? What were Maegor the Cruel's worst crimes? What was it like in Westeros when dragons ruled the skies? These are but a few of the questions answered by a learned maester of the Citadel. Discover the often bloody history of Westeros when dragons ruled the skies</marc:subfield>
        </marc:datafield>
        <marc:datafield tag="600" ind1="3" ind2="0">
            <marc:subfield code="a">Targaryen, House of</marc:subfield>
            <marc:subfield code="c">(Fictitious family)</marc:subfield>
        </marc:datafield>
        <marc:datafield tag="655" ind1=" " ind2="7">
            <marc:subfield code="a">Fantasy</marc:subfield>
        </marc:datafield>
        <marc:datafield tag="655" ind1=" " ind2="7">
            <marc:subfield code="a">High fantasy</marc:subfield>
        </marc:datafield>
        <marc:datafield tag="655" ind1=" " ind2="7">
            <marc:subfield code="a">Romaner</marc:subfield>
        </marc:datafield>
        <marc:datafield tag="700" ind1="1" ind2=" ">
            <marc:subfield code="a">Wheatley, Doug</marc:subfield>
            <marc:subfield code="e">illustratør</marc:subfield>
            <marc:subfield code="1">http://viaf.org/viaf/34713902</marc:subfield>
            <marc:subfield code="4">ill</marc:subfield>
        </marc:datafield>
    </marc:record>