
    <marc:record>
        <marc:leader>03136cam a2200637 a 4500</marc:leader>
        <marc:controlfield tag="001">16246526</marc:controlfield>
        <marc:controlfield tag="005">20151201152021.0</marc:controlfield>
        <marc:controlfield tag="008">100521s2010    nyu           000 j eng </marc:controlfield>
        <marc:datafield tag="010" ind1=" " ind2=" ">
            <marc:subfield code="a">  2010021181</marc:subfield>
        </marc:datafield>
        <marc:datafield tag="020" ind1=" " ind2=" ">
            <marc:subfield code="a">9781439150146</marc:subfield>
        </marc:datafield>
        <marc:datafield tag="020" ind1=" " ind2=" ">
            <marc:subfield code="a">978143970830</marc:subfield>
        </marc:datafield>
        <marc:datafield tag="035" ind1=" " ind2=" ">
            <marc:subfield code="a">(OCoLC)ocn555639805</marc:subfield>
        </marc:datafield>
        <marc:datafield tag="040" ind1=" " ind2=" ">
            <marc:subfield code="a">DLC</marc:subfield>
            <marc:subfield code="c">DLC</marc:subfield>
            <marc:subfield code="d">IG#</marc:subfield>
            <marc:subfield code="d">BTCTA</marc:subfield>
            <marc:subfield code="d">DAD</marc:subfield>
            <marc:subfield code="d">ORX</marc:subfield>
            <marc:subfield code="d">WVR</marc:subfield>
            <marc:subfield code="d">MZ3</marc:subfield>
            <marc:subfield code="d">DLC</marc:subfield>
        </marc:datafield>
        <marc:datafield tag="240" ind1="1" ind2="0">
            <marc:subfield code="a">Songs of love &amp; death</marc:subfield>
            <marc:subfield code="1">https://www.wikidata.org/wiki/Q18392163</marc:subfield>
        </marc:datafield>
        <marc:datafield tag="245" ind1="0" ind2="0">
            <marc:subfield code="a">Songs of love &amp; death</marc:subfield>
            <marc:subfield code="b">all-original tales of star-crossed love</marc:subfield>
            <marc:subfield code="c">edited by George R.R. Martin &amp; Gardner Dozois</marc:subfield>
        </marc:datafield>
        <marc:datafield tag="246" ind1="3" ind2=" ">
            <marc:subfield code="a">Songs of love and death</marc:subfield>
        </marc:datafield>
        <marc:datafield tag="260" ind1=" " ind2=" ">
            <marc:subfield code="a">New York</marc:subfield>
            <marc:subfield code="b">Gallery Books</marc:subfield>
            <marc:subfield code="c">2010</marc:subfield>
        </marc:datafield>
        <marc:datafield tag="300" ind1=" " ind2=" ">
            <marc:subfield code="a">468 s</marc:subfield>
            <marc:subfield code="c">24 cm</marc:subfield>
        </marc:datafield>
        <marc:datafield tag="336" ind1=" " ind2=" ">
            <marc:subfield code="a">text</marc:subfield>
            <marc:subfield code="b">txt</marc:subfield>
            <marc:subfield code="2">rdacontent</marc:subfield>
            <marc:subfield code="0">http://rdaregistry.info/termList/RDAContentType/1020</marc:subfield>
        </marc:datafield>
        <marc:datafield tag="337" ind1=" " ind2=" ">
            <marc:subfield code="a">unmediated</marc:subfield>
            <marc:subfield code="b">n</marc:subfield>
            <marc:subfield code="2">rdamedia</marc:subfield>
            <marc:subfield code="0">http://rdaregistry.info/termList/RDAMediaType/1007</marc:subfield>
        </marc:datafield>
        <marc:datafield tag="338" ind1=" " ind2=" ">
            <marc:subfield code="a">volume</marc:subfield>
            <marc:subfield code="b">nc</marc:subfield>
            <marc:subfield code="2">rdacarrier</marc:subfield>
            <marc:subfield code="0">http://rdaregistry.info/termList/RDACarrierType/1049</marc:subfield>
        </marc:datafield>
        <marc:datafield tag="380" ind1=" " ind2=" ">
            <marc:subfield code="a">Book</marc:subfield>
            <marc:subfield code="2">marcgt</marc:subfield>
        </marc:datafield>
        <marc:datafield tag="505" ind1="0" ind2="0">
            <marc:subfield code="t">Love hurts</marc:subfield>
            <marc:subfield code="r">Jim Butcher</marc:subfield>
            <marc:subfield code="t">The marrying maid</marc:subfield>
            <marc:subfield code="r">Jo Beverley</marc:subfield>
            <marc:subfield code="t">Rooftops</marc:subfield>
            <marc:subfield code="r">Carrie Vaughn</marc:subfield>
            <marc:subfield code="t">Hurt me</marc:subfield>
            <marc:subfield code="r">M.L.N. Hanover</marc:subfield>
            <marc:subfield code="t">Demon lover</marc:subfield>
            <marc:subfield code="r">Cecelia Holland</marc:subfield>
            <marc:subfield code="t">The wayfarer's advice</marc:subfield>
            <marc:subfield code="r">Melinda N.  Snodgrass</marc:subfield>
            <marc:subfield code="t">Blue boots</marc:subfield>
            <marc:subfield code="r">Robin Hobb</marc:subfield>
            <marc:subfield code="t">The thing about Cassandra</marc:subfield>
            <marc:subfield code="r">Neil Gaiman</marc:subfield>
            <marc:subfield code="t">After the blood</marc:subfield>
            <marc:subfield code="r">Marjorie M. Liu</marc:subfield>
            <marc:subfield code="t">You, and you alone</marc:subfield>
            <marc:subfield code="r">Jacqueline Carey</marc:subfield>
            <marc:subfield code="t">His wolf</marc:subfield>
            <marc:subfield code="r">Lisa Tuttle</marc:subfield>
            <marc:subfield code="t">Courting trouble</marc:subfield>
            <marc:subfield code="r">Linnea Sinclair</marc:subfield>
            <marc:subfield code="t">The demon dancer</marc:subfield>
            <marc:subfield code="r">Mary Jo Putney</marc:subfield>
            <marc:subfield code="t">Under/above the water</marc:subfield>
            <marc:subfield code="r">Tanith Lee</marc:subfield>
            <marc:subfield code="t">Kaskia</marc:subfield>
            <marc:subfield code="r">Peter S. Beagle</marc:subfield>
            <marc:subfield code="t">Man in the mirror</marc:subfield>
            <marc:subfield code="r">Yasmine Galenorn</marc:subfield>
            <marc:subfield code="t">A leaf on the wind of all hallows</marc:subfield>
            <marc:subfield code="r">Diana Gabaldon</marc:subfield>
        </marc:datafield>
        <marc:datafield tag="520" ind1=" " ind2=" ">
            <marc:subfield code="a">Presents a collection of original tales that explores crossover themes of romance, fantasy, and science fiction, with contributions by such genre authors as Tanith Lee, Jo Beverly, Jim Butcher, and Neil Gaiman</marc:subfield>
        </marc:datafield>
        <marc:datafield tag="650" ind1=" " ind2="0">
            <marc:subfield code="a">Romantikk</marc:subfield>
        </marc:datafield>
        <marc:datafield tag="655" ind1=" " ind2="0">
            <marc:subfield code="a">Fantasy</marc:subfield>
        </marc:datafield>
        <marc:datafield tag="655" ind1=" " ind2="0">
            <marc:subfield code="a">Science fiction</marc:subfield>
        </marc:datafield>
        <marc:datafield tag="655" ind1=" " ind2="0">
            <marc:subfield code="a">Noveller</marc:subfield>
        </marc:datafield>
        <marc:datafield tag="700" ind1="1" ind2=" ">
            <marc:subfield code="a">Martin, George R. R</marc:subfield>
            <marc:subfield code="e">redaktør</marc:subfield>
            <marc:subfield code="1">http://viaf.org/viaf/98636170</marc:subfield>
            <marc:subfield code="4">edt</marc:subfield>
        </marc:datafield>
        <marc:datafield tag="700" ind1="1" ind2=" ">
            <marc:subfield code="a">Dozois, Gardner R</marc:subfield>
            <marc:subfield code="e">redaktør</marc:subfield>
            <marc:subfield code="1">http://viaf.org/viaf/54311783</marc:subfield>
            <marc:subfield code="4">edt</marc:subfield>
        </marc:datafield>
        <marc:datafield tag="700" ind1="1" ind2=" ">
            <marc:subfield code="a">Butcher, Jim</marc:subfield>
            <marc:subfield code="1">http://viaf.org/viaf/32309016</marc:subfield>
            <marc:subfield code="4">ctb</marc:subfield>
        </marc:datafield>
        <marc:datafield tag="700" ind1="1" ind2=" ">
            <marc:subfield code="a">Beverley, Jo</marc:subfield>
            <marc:subfield code="1">http://viaf.org/viaf/15921010</marc:subfield>
            <marc:subfield code="4">ctb</marc:subfield>
        </marc:datafield>
        <marc:datafield tag="700" ind1="1" ind2=" ">
            <marc:subfield code="a">Vaughn, Carrie</marc:subfield>
            <marc:subfield code="1">http://viaf.org/viaf/24346917</marc:subfield>
            <marc:subfield code="4">ctb</marc:subfield>
        </marc:datafield>
        <marc:datafield tag="700" ind1="1" ind2=" ">
            <marc:subfield code="a">Hanover, M. L. N</marc:subfield>
            <marc:subfield code="1">http://viaf.org/viaf/24071192</marc:subfield>
            <marc:subfield code="4">ctb</marc:subfield>
        </marc:datafield>
        <marc:datafield tag="700" ind1="1" ind2=" ">
            <marc:subfield code="a">Holland, Cecelia</marc:subfield>
            <marc:subfield code="1">http://viaf.org/viaf/97909488</marc:subfield>
            <marc:subfield code="4">ctb</marc:subfield>
        </marc:datafield>
        <marc:datafield tag="700" ind1="1" ind2=" ">
            <marc:subfield code="a">Snodgrass, Melinda M</marc:subfield>
            <marc:subfield code="1">http://viaf.org/viaf/111642141</marc:subfield>
            <marc:subfield code="4">ctb</marc:subfield>
        </marc:datafield>
        <marc:datafield tag="700" ind1="1" ind2=" ">
            <marc:subfield code="a">Hobb, Robin</marc:subfield>
            <marc:subfield code="1">http://viaf.org/viaf/84089315</marc:subfield>
            <marc:subfield code="4">ctb</marc:subfield>
        </marc:datafield>
        <marc:datafield tag="700" ind1="1" ind2=" ">
            <marc:subfield code="a">Gaiman, Neil</marc:subfield>
            <marc:subfield code="1">http://viaf.org/viaf/103859257</marc:subfield>
            <marc:subfield code="4">ctb</marc:subfield>
        </marc:datafield>
        <marc:datafield tag="700" ind1="1" ind2=" ">
            <marc:subfield code="a">Liu, Marjorie M</marc:subfield>
            <marc:subfield code="1">http://viaf.org/viaf/50363952</marc:subfield>
            <marc:subfield code="4">ctb</marc:subfield>
        </marc:datafield>
        <marc:datafield tag="700" ind1="1" ind2=" ">
            <marc:subfield code="a">Carey, Jacqueline</marc:subfield>
            <marc:subfield code="1">http://viaf.org/viaf/52617113</marc:subfield>
            <marc:subfield code="4">ctb</marc:subfield>
        </marc:datafield>
        <marc:datafield tag="700" ind1="1" ind2=" ">
            <marc:subfield code="a">Tuttle, Lisa</marc:subfield>
            <marc:subfield code="1">http://viaf.org/viaf/36939041</marc:subfield>
            <marc:subfield code="4">ctb</marc:subfield>
        </marc:datafield>
        <marc:datafield tag="700" ind1="1" ind2=" ">
            <marc:subfield code="a">Sinclair, Linnea</marc:subfield>
            <marc:subfield code="1">http://viaf.org/viaf/63423140</marc:subfield>
            <marc:subfield code="4">ctb</marc:subfield>
        </marc:datafield>
        <marc:datafield tag="700" ind1="1" ind2=" ">
            <marc:subfield code="a">Putney, Mary Jo</marc:subfield>
            <marc:subfield code="1">http://viaf.org/viaf/79365905</marc:subfield>
            <marc:subfield code="4">ctb</marc:subfield>
        </marc:datafield>
        <marc:datafield tag="700" ind1="1" ind2=" ">
            <marc:subfield code="a">Lee, Tanith</marc:subfield>
            <marc:subfield code="1">http://viaf.org/viaf/51692186</marc:subfield>
            <marc:subfield code="4">ctb</marc:subfield>
        </marc:datafield>
        <marc:datafield tag="700" ind1="1" ind2=" ">
            <marc:subfield code="a">Beagle, Peter S</marc:subfield>
            <marc:subfield code="1">http://viaf.org/viaf/110010491</marc:subfield>
            <marc:subfield code="4">ctb</marc:subfield>
        </marc:datafield>
        <marc:datafield tag="700" ind1="1" ind2=" ">
            <marc:subfield code="a">Galenorn, Yasmine</marc:subfield>
            <marc:subfield code="1">http://viaf.org/viaf/37152089</marc:subfield>
            <marc:subfield code="4">ctb</marc:subfield>
        </marc:datafield>
        <marc:datafield tag="700" ind1="1" ind2=" ">
            <marc:subfield code="a">Gabaldon, Diana</marc:subfield>
            <marc:subfield code="1">http://viaf.org/viaf/40164873</marc:subfield>
            <marc:subfield code="4">ctb</marc:subfield>
        </marc:datafield>
    </marc:record>