
    <marc:record>
        <marc:leader>01913cam a2200433 a 4500</marc:leader>
        <marc:controlfield tag="001">18240233</marc:controlfield>
        <marc:controlfield tag="005">20151106110652.0</marc:controlfield>
        <marc:controlfield tag="008">140724s2013    waua     6    000 1 eng d</marc:controlfield>
        <marc:datafield tag="010" ind1=" " ind2=" ">
            <marc:subfield code="a">  2013914372</marc:subfield>
        </marc:datafield>
        <marc:datafield tag="020" ind1=" " ind2=" ">
            <marc:subfield code="a">9781477849101</marc:subfield>
        </marc:datafield>
        <marc:datafield tag="020" ind1=" " ind2=" ">
            <marc:subfield code="a">1477849106</marc:subfield>
        </marc:datafield>
        <marc:datafield tag="040" ind1=" " ind2=" ">
            <marc:subfield code="a">BTCTA</marc:subfield>
            <marc:subfield code="b">eng</marc:subfield>
            <marc:subfield code="c">BTCTA</marc:subfield>
            <marc:subfield code="d">BDX</marc:subfield>
            <marc:subfield code="d">YDXCP</marc:subfield>
            <marc:subfield code="d">OCO</marc:subfield>
            <marc:subfield code="d">RLS</marc:subfield>
            <marc:subfield code="d">TXA</marc:subfield>
            <marc:subfield code="d">AU@</marc:subfield>
            <marc:subfield code="d">OCLCO</marc:subfield>
            <marc:subfield code="d">DLC</marc:subfield>
        </marc:datafield>
        <marc:datafield tag="100" ind1="1" ind2=" ">
            <marc:subfield code="a">Avery, Ben</marc:subfield>
            <marc:subfield code="1">http://viaf.org/viaf/69220237</marc:subfield>
            <marc:subfield code="4">adp</marc:subfield>
        </marc:datafield>
        <marc:datafield tag="240" ind1="1" ind2="4">
            <marc:subfield code="a">The hedge knight</marc:subfield>
            <marc:subfield code="1">http://viaf.org/viaf/9012151051885533530005</marc:subfield>
        </marc:datafield>
        <marc:datafield tag="245" ind1="1" ind2="4">
            <marc:subfield code="a">The hedge knight</marc:subfield>
            <marc:subfield code="c">written by George R. R. Martin ; adaptation by Ben Avery ; pencils by Mike S. Miller ; colors by Mike Crowell</marc:subfield>
        </marc:datafield>
        <marc:datafield tag="246" ind1="3" ind2="3">
            <marc:subfield code="a">George R. R. Martin's the hedge knight</marc:subfield>
            <marc:subfield code="b">the graphic novel</marc:subfield>
        </marc:datafield>
        <marc:datafield tag="246" ind1="3" ind2="4">
            <marc:subfield code="a">George R. R. Martin's the hedge knight</marc:subfield>
            <marc:subfield code="b">Game of Thrones prequel graphic novel</marc:subfield>
        </marc:datafield>
        <marc:datafield tag="260" ind1=" " ind2=" ">
            <marc:subfield code="a">Seattle</marc:subfield>
            <marc:subfield code="b">Jet City Comics</marc:subfield>
            <marc:subfield code="c">2013</marc:subfield>
        </marc:datafield>
        <marc:datafield tag="300" ind1=" " ind2=" ">
            <marc:subfield code="a">1 v. (unpaged)</marc:subfield>
            <marc:subfield code="b">ill. ;</marc:subfield>
            <marc:subfield code="c">26 cm</marc:subfield>
        </marc:datafield>
        <marc:datafield tag="336" ind1=" " ind2=" ">
            <marc:subfield code="a">text</marc:subfield>
            <marc:subfield code="b">txt</marc:subfield>
            <marc:subfield code="2">rdacontent</marc:subfield>
            <marc:subfield code="0">http://rdaregistry.info/termList/RDAContentType/1020</marc:subfield>
        </marc:datafield>
        <marc:datafield tag="336" ind1=" " ind2=" ">
            <marc:subfield code="a">still image</marc:subfield>
            <marc:subfield code="b">sti</marc:subfield>
            <marc:subfield code="2">rdacontent</marc:subfield>
            <marc:subfield code="0">http://rdaregistry.info/termList/RDAContentType/1014</marc:subfield>
        </marc:datafield>
        <marc:datafield tag="337" ind1=" " ind2=" ">
            <marc:subfield code="a">unmediated</marc:subfield>
            <marc:subfield code="b">n</marc:subfield>
            <marc:subfield code="2">rdamedia</marc:subfield>
            <marc:subfield code="0">http://rdaregistry.info/termList/RDAMediaType/1007</marc:subfield>
        </marc:datafield>
        <marc:datafield tag="338" ind1=" " ind2=" ">
            <marc:subfield code="a">volume</marc:subfield>
            <marc:subfield code="b">nc</marc:subfield>
            <marc:subfield code="2">rdacarrier</marc:subfield>
            <marc:subfield code="0">http://rdaregistry.info/termList/RDACarrierType/1049</marc:subfield>
        </marc:datafield>
        <marc:datafield tag="380" ind1=" " ind2=" ">
            <marc:subfield code="a">Comic or graphic novel</marc:subfield>
            <marc:subfield code="2">marcgt</marc:subfield>
        </marc:datafield>
        <marc:datafield tag="520" ind1=" " ind2=" ">
            <marc:subfield code="a">"Set one hundred years before the events in George R. R. Martin's epic fantasy series, A Song of Ice and Fire, The Hedge Knight graphic novel chronicles a young squire as he travels the cruel and complex path to knighthood in the Seven Kingdoms."--P. [4] of cover</marc:subfield>
        </marc:datafield>
        <marc:datafield tag="521" ind1="8" ind2=" ">
            <marc:subfield code="a">Parental advisory</marc:subfield>
        </marc:datafield>
        <marc:datafield tag="521" ind1="8" ind2=" ">
            <marc:subfield code="a">T+</marc:subfield>
        </marc:datafield>
        <marc:datafield tag="655" ind1=" " ind2=" ">
            <marc:subfield code="a">Tegneserieromaner</marc:subfield>
        </marc:datafield>
        <marc:datafield tag="655" ind1=" " ind2=" ">
            <marc:subfield code="a">Fantasy</marc:subfield>
        </marc:datafield>
        <marc:datafield tag="655" ind1=" " ind2=" ">
            <marc:subfield code="a">High fantasy</marc:subfield>
        </marc:datafield>
        <marc:datafield tag="700" ind1="1" ind2=" ">
            <marc:subfield code="a">Martin, George R. R</marc:subfield>
            <marc:subfield code="e">opprinnelig forfatter</marc:subfield>
            <marc:subfield code="1">http://viaf.org/viaf/98636170</marc:subfield>
            <marc:subfield code="4">aut</marc:subfield>
        </marc:datafield>
        <marc:datafield tag="700" ind1="1" ind2=" ">
            <marc:subfield code="a">Miller, Mike S</marc:subfield>
            <marc:subfield code="1">http://viaf.org/viaf/37207105</marc:subfield>
            <marc:subfield code="4">cll</marc:subfield>
        </marc:datafield>
        <marc:datafield tag="700" ind1="1" ind2=" ">
            <marc:subfield code="a">Crowell, Mike</marc:subfield>
            <marc:subfield code="1">http://viaf.org/viaf/315183636</marc:subfield>
            <marc:subfield code="4">clr</marc:subfield>
        </marc:datafield>
        <marc:datafield tag="700" ind1="1" ind2=" ">
            <marc:subfield code="a">Martin, George R. R</marc:subfield>
            <marc:subfield code="i">is graphic novelization of work</marc:subfield>
            <marc:subfield code="t">The hedge knight</marc:subfield>
            <marc:subfield code="1">http://viaf.org/viaf/4065151172700139210008</marc:subfield>
            <marc:subfield code="4">http://rdaregistry.info/Elements/w/graphicNovelizationOfWork.en</marc:subfield>
        </marc:datafield>
    </marc:record>