
    <marc:record>
        <marc:leader>02742cem a2200601 i 4500</marc:leader>
        <marc:controlfield tag="001">19006598</marc:controlfield>
        <marc:controlfield tag="005">20180103123656.0</marc:controlfield>
        <marc:controlfield tag="007">aj canzn</marc:controlfield>
        <marc:controlfield tag="008">160307t20122012nyui      a     0   eng c</marc:controlfield>
        <marc:datafield tag="010" ind1=" " ind2=" ">
            <marc:subfield code="a">  2016587448</marc:subfield>
        </marc:datafield>
        <marc:datafield tag="020" ind1=" " ind2=" ">
            <marc:subfield code="a">9780345538543</marc:subfield>
        </marc:datafield>
        <marc:datafield tag="020" ind1=" " ind2=" ">
            <marc:subfield code="a">0345538544</marc:subfield>
        </marc:datafield>
        <marc:datafield tag="040" ind1=" " ind2=" ">
            <marc:subfield code="a">UPM</marc:subfield>
            <marc:subfield code="b">eng</marc:subfield>
            <marc:subfield code="c">UPM</marc:subfield>
            <marc:subfield code="e">rda</marc:subfield>
            <marc:subfield code="d">STF</marc:subfield>
            <marc:subfield code="d">OCLCO</marc:subfield>
            <marc:subfield code="d">OCLCF</marc:subfield>
            <marc:subfield code="d">OCLCO</marc:subfield>
            <marc:subfield code="d">CDX</marc:subfield>
            <marc:subfield code="d">OSU</marc:subfield>
            <marc:subfield code="d">CHVBK</marc:subfield>
            <marc:subfield code="d">DLC</marc:subfield>
        </marc:datafield>
        <marc:datafield tag="082" ind1="0" ind2="0">
            <marc:subfield code="a">912</marc:subfield>
            <marc:subfield code="2">23</marc:subfield>
        </marc:datafield>
        <marc:datafield tag="100" ind1="1" ind2=" ">
            <marc:subfield code="a">Martin, George R. R.</marc:subfield>
            <marc:subfield code="1">http://viaf.org/viaf/98636170</marc:subfield>
            <marc:subfield code="4">aut</marc:subfield>
        </marc:datafield>
        <marc:datafield tag="240" ind1="1" ind2="4">
            <marc:subfield code="a">The lands of ice and fire: maps from King's Landing to across the Narrow Sea</marc:subfield>
            <marc:subfield code="1">https://www.wikidata.org/wiki/Q26887307</marc:subfield>
        </marc:datafield>
        <marc:datafield tag="245" ind1="1" ind2="4">
            <marc:subfield code="a">The lands of ice and fire</marc:subfield>
            <marc:subfield code="b">maps from King's Landing to across the Narrow Sea</marc:subfield>
            <marc:subfield code="c">George R. R. Martin ; cartographer, Jonathan Roberts</marc:subfield>
        </marc:datafield>
        <marc:datafield tag="250" ind1=" " ind2=" ">
            <marc:subfield code="a">1st ed</marc:subfield>
        </marc:datafield>
        <marc:datafield tag="260" ind1=" " ind2=" ">
            <marc:subfield code="a">[New York, N.Y.]</marc:subfield>
            <marc:subfield code="b">Bantam Dell</marc:subfield>
            <marc:subfield code="c">[2012]</marc:subfield>
        </marc:datafield>
        <marc:datafield tag="300" ind1=" " ind2=" ">
            <marc:subfield code="a">12 kart</marc:subfield>
            <marc:subfield code="b">kol</marc:subfield>
            <marc:subfield code="c">61 x 92 cm eller mindre, brettet i perm 31 x 23 cm</marc:subfield>
        </marc:datafield>
        <marc:datafield tag="336" ind1=" " ind2=" ">
            <marc:subfield code="a">cartographic image</marc:subfield>
            <marc:subfield code="b">cri</marc:subfield>
            <marc:subfield code="2">rdacontent</marc:subfield>
            <marc:subfield code="0">http://rdaregistry.info/termList/RDAContentType/1002</marc:subfield>
        </marc:datafield>
        <marc:datafield tag="337" ind1=" " ind2=" ">
            <marc:subfield code="a">unmediated</marc:subfield>
            <marc:subfield code="b">n</marc:subfield>
            <marc:subfield code="2">rdamedia</marc:subfield>
            <marc:subfield code="0">http://rdaregistry.info/termList/RDAMediaType/1007</marc:subfield>
        </marc:datafield>
        <marc:datafield tag="338" ind1=" " ind2=" ">
            <marc:subfield code="a">volume</marc:subfield>
            <marc:subfield code="b">nc</marc:subfield>
            <marc:subfield code="2">rdacarrier</marc:subfield>
            <marc:subfield code="0">http://rdaregistry.info/termList/RDACarrierType/1049</marc:subfield>
        </marc:datafield>
        <marc:datafield tag="380" ind1=" " ind2=" ">
            <marc:subfield code="a">map</marc:subfield>
            <marc:subfield code="2">marcgt</marc:subfield>
        </marc:datafield>
        <marc:datafield tag="500" ind1=" " ind2=" ">
            <marc:subfield code="a">Title from container</marc:subfield>
        </marc:datafield>
        <marc:datafield tag="500" ind1=" " ind2=" ">
            <marc:subfield code="a">Relief shown pictorially</marc:subfield>
        </marc:datafield>
        <marc:datafield tag="520" ind1=" " ind2=" ">
            <marc:subfield code="a">A series of maps to illustrating the lands and cities of George R. R. Martin's A Song of Ice and Fire series</marc:subfield>
        </marc:datafield>
        <marc:datafield tag="500" ind1=" " ind2=" ">
            <marc:subfield code="a">"George R. R. Martin's beloved series"</marc:subfield>
        </marc:datafield>
        <marc:datafield tag="500" ind1=" " ind2=" ">
            <marc:subfield code="a">"From Westeros to the Eastern Lands"--Back of binder</marc:subfield>
        </marc:datafield>
        <marc:datafield tag="505" ind1="0" ind2=" ">
            <marc:subfield code="a">The known world -- The West -- Central Essos -- The East -- Westeros -- Beyond the wall -- The free cities -- Slaver's Bay -- The Dothraki Sea -- King's Landing -- Braavos -- Journeys</marc:subfield>
        </marc:datafield>
        <marc:datafield tag="650" ind1=" " ind2="0">
            <marc:subfield code="a">Fiktive steder</marc:subfield>
            <marc:subfield code="v">Kart</marc:subfield>
        </marc:datafield>
        <marc:datafield tag="630" ind1="0" ind2="7">
            <marc:subfield code="a">A Song of Ice and Fire (Martin, George R. R.)</marc:subfield>
        </marc:datafield>
        <marc:datafield tag="655" ind1=" " ind2="7">
            <marc:subfield code="a">Kart</marc:subfield>
        </marc:datafield>
        <marc:datafield tag="700" ind1="1" ind2=" ">
            <marc:subfield code="a">Roberts, Jonathan</marc:subfield>
            <marc:subfield code="e">kartograf</marc:subfield>
            <marc:subfield code="1">http://viaf.org/viaf/112144648507821094352</marc:subfield>
            <marc:subfield code="4">ctg</marc:subfield>
        </marc:datafield>
    </marc:record>