
    <marc:record>
        <marc:leader>02206cam a2200421 i 4500</marc:leader>
        <marc:controlfield tag="001">18197298</marc:controlfield>
        <marc:controlfield tag="005">20170816164509.0</marc:controlfield>
        <marc:controlfield tag="008">140623s2014    nyuab j       001 0 eng </marc:controlfield>
        <marc:datafield tag="010" ind1=" " ind2=" ">
            <marc:subfield code="a">  2014013093</marc:subfield>
        </marc:datafield>
        <marc:datafield tag="020" ind1=" " ind2=" ">
            <marc:subfield code="a">9780553805444</marc:subfield>
        </marc:datafield>
        <marc:datafield tag="020" ind1=" " ind2=" ">
            <marc:subfield code="z">9780345535559</marc:subfield>
        </marc:datafield>
        <marc:datafield tag="040" ind1=" " ind2=" ">
            <marc:subfield code="a">DLC</marc:subfield>
            <marc:subfield code="b">eng</marc:subfield>
            <marc:subfield code="c">DLC</marc:subfield>
            <marc:subfield code="e">rda</marc:subfield>
            <marc:subfield code="d">DLC</marc:subfield>
        </marc:datafield>
        <marc:datafield tag="100" ind1="1" ind2=" ">
            <marc:subfield code="a">Martin, George R. R</marc:subfield>
            <marc:subfield code="1">http://viaf.org/viaf/98636170</marc:subfield>
            <marc:subfield code="4">aut</marc:subfield>
        </marc:datafield>
        <marc:datafield tag="240" ind1="1" ind2="4">
            <marc:subfield code="a">The world of ice &amp; fire</marc:subfield>
            <marc:subfield code="1">http://viaf.org/viaf/3623151717059213900002</marc:subfield>
        </marc:datafield>
        <marc:datafield tag="245" ind1="1" ind2="4">
            <marc:subfield code="a">The world of ice &amp; fire</marc:subfield>
            <marc:subfield code="b">the untold history of Westeros and the Game of Thrones</marc:subfield>
            <marc:subfield code="c">George R. R. Martin, Elio M. García, Jr. and Linda Antonsson</marc:subfield>
        </marc:datafield>
        <marc:datafield tag="260" ind1=" " ind2=" ">
            <marc:subfield code="a">New York</marc:subfield>
            <marc:subfield code="b">Bantam Books</marc:subfield>
            <marc:subfield code="c">2014</marc:subfield>
        </marc:datafield>
        <marc:datafield tag="300" ind1=" " ind2=" ">
            <marc:subfield code="a">326 s</marc:subfield>
            <marc:subfield code="b">ill., kart, slektstre ;</marc:subfield>
            <marc:subfield code="c">31 cm</marc:subfield>
        </marc:datafield>
        <marc:datafield tag="336" ind1=" " ind2=" ">
            <marc:subfield code="a">text</marc:subfield>
            <marc:subfield code="b">txt</marc:subfield>
            <marc:subfield code="2">rdacontent</marc:subfield>
            <marc:subfield code="0">http://rdaregistry.info/termList/RDAContentType/1020</marc:subfield>
        </marc:datafield>
        <marc:datafield tag="337" ind1=" " ind2=" ">
            <marc:subfield code="a">unmediated</marc:subfield>
            <marc:subfield code="b">n</marc:subfield>
            <marc:subfield code="2">rdamedia</marc:subfield>
            <marc:subfield code="0">http://rdaregistry.info/termList/RDAMediaType/1007</marc:subfield>
        </marc:datafield>
        <marc:datafield tag="338" ind1=" " ind2=" ">
            <marc:subfield code="a">volume</marc:subfield>
            <marc:subfield code="b">nc</marc:subfield>
            <marc:subfield code="2">rdacarrier</marc:subfield>
            <marc:subfield code="0">http://rdaregistry.info/termList/RDACarrierType/1049</marc:subfield>
        </marc:datafield>
        <marc:datafield tag="380" ind1=" " ind2=" ">
            <marc:subfield code="a">Book</marc:subfield>
            <marc:subfield code="2">marcgt</marc:subfield>
        </marc:datafield>
        <marc:datafield tag="490" ind1="0" ind2=" ">
            <marc:subfield code="a">A Song of Ice and Fire ;</marc:subfield>
        </marc:datafield>
        <marc:datafield tag="500" ind1=" " ind2=" ">
            <marc:subfield code="a">Includes index</marc:subfield>
        </marc:datafield>
        <marc:datafield tag="520" ind1=" " ind2=" ">
            <marc:subfield code="a">"This is the comprehensive guide to all things Game of Thrones and beyond. From the prehistory to the coming of the First Men, through the reign of the Targaryen kings and Robert's Rebellion, this guide--co-written by George R.R. Martin and the immensely knowledgeable founders and keepers of the www.westeros.org site--will tell series readers old and new all they might want to know about the history and culture of Westeros and the lands beyond the Narrow Sea--a tapestry of all new history that George has invented solely for this volume"--</marc:subfield>
            <marc:subfield code="c">Provided by publisher</marc:subfield>
        </marc:datafield>
        <marc:datafield tag="650" ind1=" " ind2=" ">
            <marc:subfield code="a">Game of thrones</marc:subfield>
        </marc:datafield>
        <marc:datafield tag="655" ind1=" " ind2=" ">
            <marc:subfield code="a">Fantasy</marc:subfield>
        </marc:datafield>
        <marc:datafield tag="655" ind1=" " ind2=" ">
            <marc:subfield code="a">High fantasy</marc:subfield>
        </marc:datafield>
        <marc:datafield tag="655" ind1=" " ind2=" ">
            <marc:subfield code="a">Romaner</marc:subfield>
        </marc:datafield>
        <marc:datafield tag="700" ind1="1" ind2=" ">
            <marc:subfield code="a">Garcia, Elio</marc:subfield>
            <marc:subfield code="1">http://viaf.org/viaf/309819855</marc:subfield>
            <marc:subfield code="4">aut</marc:subfield>
        </marc:datafield>
        <marc:datafield tag="700" ind1="1" ind2=" ">
            <marc:subfield code="a">Antonsson, Linda</marc:subfield>
            <marc:subfield code="1">http://viaf.org/viaf/309819854</marc:subfield>
            <marc:subfield code="4">aut</marc:subfield>
        </marc:datafield>
    </marc:record>