
    <marc:record>
        <marc:leader>02829cmm a22006017a 4500</marc:leader>
        <marc:controlfield tag="001">19474587</marc:controlfield>
        <marc:controlfield tag="003">LIBRIS</marc:controlfield>
        <marc:controlfield tag="005">20171009130218.0</marc:controlfield>
        <marc:controlfield tag="006">a|||||||||||000 ||</marc:controlfield>
        <marc:controlfield tag="006">i| |||||||||||| |</marc:controlfield>
        <marc:controlfield tag="007">co |||   |||||        </marc:controlfield>
        <marc:controlfield tag="008">160526s2016    sw ||  jq  m |      swe|c</marc:controlfield>
        <marc:datafield tag="041" ind1="1" ind2=" ">
            <marc:subfield code="a">swe</marc:subfield>
            <marc:subfield code="h">eng</marc:subfield>
        </marc:datafield>
        <marc:datafield tag="100" ind1="1" ind2=" ">
            <marc:subfield code="a">Maas, Sarah J</marc:subfield>
            <marc:subfield code="1">http://viaf.org/viaf/238172260</marc:subfield>
            <marc:subfield code="4">aut</marc:subfield>
        </marc:datafield>
        <marc:datafield tag="245" ind1="1" ind2="0">
            <marc:subfield code="a">Glastronen</marc:subfield>
            <marc:subfield code="h">[Elektronisk resurs]</marc:subfield>
            <marc:subfield code="c">Sarah J. Maas ; översättning av Lena Jonsson &amp; Emma Jonsson Sandström</marc:subfield>
        </marc:datafield>
        <marc:datafield tag="240" ind1="1" ind2="0">
            <marc:subfield code="a">Throne of Glass</marc:subfield>
            <marc:subfield code="l">Svensk</marc:subfield>
            <marc:subfield code="1">http://viaf.org/viaf/699152502752010800006</marc:subfield>
        </marc:datafield>
        <marc:datafield tag="256" ind1=" " ind2=" ">
            <marc:subfield code="a">Tekst og lyd</marc:subfield>
        </marc:datafield>
        <marc:datafield tag="260" ind1=" " ind2=" ">
            <marc:subfield code="a">Johanneshov</marc:subfield>
            <marc:subfield code="b">MTM</marc:subfield>
            <marc:subfield code="c">2016</marc:subfield>
        </marc:datafield>
        <marc:datafield tag="300" ind1=" " ind2=" ">
            <marc:subfield code="a">1 CD-R</marc:subfield>
        </marc:datafield>
        <marc:datafield tag="347" ind1=" " ind2=" ">
            <marc:subfield code="a">Tekst og lyd</marc:subfield>
        </marc:datafield>
        <marc:datafield tag="336" ind1=" " ind2=" ">
            <marc:subfield code="a">spoken word</marc:subfield>
            <marc:subfield code="b">spw</marc:subfield>
            <marc:subfield code="2">rdacontent</marc:subfield>
            <marc:subfield code="0">http://rdaregistry.info/termList/RDAContentType/1013</marc:subfield>
        </marc:datafield>
        <marc:datafield tag="337" ind1=" " ind2=" ">
            <marc:subfield code="a">computer</marc:subfield>
            <marc:subfield code="b">c</marc:subfield>
            <marc:subfield code="2">rdamedia</marc:subfield>
            <marc:subfield code="0">http://rdaregistry.info/termList/RDAMediaType/1003</marc:subfield>
        </marc:datafield>
        <marc:datafield tag="338" ind1=" " ind2=" ">
            <marc:subfield code="a">computer disc</marc:subfield>
            <marc:subfield code="b">cd</marc:subfield>
            <marc:subfield code="2">rdacarrier</marc:subfield>
            <marc:subfield code="0">http://rdaregistry.info/termList/RDACarrierType/1013</marc:subfield>
        </marc:datafield>
        <marc:datafield tag="380" ind1=" " ind2=" ">
            <marc:subfield code="a">Nonmusical sound</marc:subfield>
            <marc:subfield code="2">marcgt</marc:subfield>
        </marc:datafield>
        <marc:datafield tag="490" ind1="1" ind2=" ">
            <marc:subfield code="a">Glastronen</marc:subfield>
        </marc:datafield>
        <marc:datafield tag="500" ind1=" " ind2=" ">
            <marc:subfield code="a">Digital lydbok (DAISY 2.02), Tekst og lyd</marc:subfield>
        </marc:datafield>
        <marc:datafield tag="500" ind1=" " ind2=" ">
            <marc:subfield code="a">Spilletid: 13 tim., 53 min. ; 400 s</marc:subfield>
        </marc:datafield>
        <marc:datafield tag="500" ind1=" " ind2=" ">
            <marc:subfield code="a">Innlest fra: Stockholm : Modernista, 2016. ISBN 978-91-7645-842-6, 91-7645-842-3 (genererat)</marc:subfield>
        </marc:datafield>
        <marc:datafield tag="506" ind1="1" ind2=" ">
            <marc:subfield code="a">Tillgänglig för personer med läsnedsättning enligt § 17 Upphovsrättslagen</marc:subfield>
            <marc:subfield code="u">http://www.mtm.se/om-oss/uppdrag-och-lagar/upphovsrattslagen</marc:subfield>
        </marc:datafield>
        <marc:datafield tag="520" ind1=" " ind2=" ">
            <marc:subfield code="a">Första delen i serien Glastronen. I riket Adarlan, där härskaren styr med järnhand, kallas landets främsta lönnmördare, 18-åriga Celaena Sardothien, till rikets skimrande glasslott. Hon reser dit för att vinna sin frihet. Om hon besegrar 23 motståndare - mördare, tjuvar och soldater, i en tävling blir, hon frigiven från fängelset och får tjäna som kungens kämpe. Men i glasslottet väntar också en kamp mot onda krafter som hotar hela hennes värld</marc:subfield>
        </marc:datafield>
        <marc:datafield tag="538" ind1=" " ind2=" ">
            <marc:subfield code="a">Filstørrelse: 290 MB</marc:subfield>
        </marc:datafield>
        <marc:datafield tag="655" ind1=" " ind2="0">
            <marc:subfield code="a">DAISY tekst og lyd</marc:subfield>
        </marc:datafield>
        <marc:datafield tag="655" ind1=" " ind2=" ">
            <marc:subfield code="a">Fantasy</marc:subfield>
        </marc:datafield>
        <marc:datafield tag="655" ind1=" " ind2=" ">
            <marc:subfield code="a">High fantasy</marc:subfield>
        </marc:datafield>
        <marc:datafield tag="655" ind1=" " ind2=" ">
            <marc:subfield code="a">Lydbøker</marc:subfield>
        </marc:datafield>
        <marc:datafield tag="700" ind1="1" ind2=" ">
            <marc:subfield code="a">Döbling, Anna</marc:subfield>
            <marc:subfield code="e">forteller</marc:subfield>
            <marc:subfield code="4">nrt</marc:subfield>
        </marc:datafield>
        <marc:datafield tag="740" ind1="0" ind2=" ">
            <marc:subfield code="a">Glastronen ; 1</marc:subfield>
        </marc:datafield>
        <marc:datafield tag="776" ind1="0" ind2=" ">
            <marc:subfield code="t">Glastronen</marc:subfield>
            <marc:subfield code="z">9789176458426</marc:subfield>
            <marc:subfield code="1">http://viaf.org/viaf/699152502752010800006</marc:subfield>
        </marc:datafield>
        <marc:datafield tag="785" ind1="0" ind2="0">
            <marc:subfield code="t">Midnattskronan</marc:subfield>
            <marc:subfield code="1">http://viaf.org/viaf/4233152502766410800009</marc:subfield>
        </marc:datafield>
        <marc:datafield tag="800" ind1="1" ind2="0">
            <marc:subfield code="a">Maas, Sarah J</marc:subfield>
            <marc:subfield code="l">Svensk</marc:subfield>
            <marc:subfield code="t">Throne of Glass</marc:subfield>
            <marc:subfield code="v">1</marc:subfield>
            <marc:subfield code="1">http://viaf.org/viaf/238172260</marc:subfield>
            <marc:subfield code="4">aut</marc:subfield>
        </marc:datafield>
    </marc:record>