
    <marc:record>
        <marc:leader>02041nam a2200277 a 4500</marc:leader>
        <marc:controlfield tag="001">0594110</marc:controlfield>
        <marc:controlfield tag="008">170523b               j          1 eng </marc:controlfield>
        <marc:datafield tag="015" ind1=" " ind2=" ">
            <marc:subfield code="a">0432743</marc:subfield>
        </marc:datafield>
        <marc:datafield tag="015" ind1=" " ind2=" ">
            <marc:subfield code="a">10313206</marc:subfield>
        </marc:datafield>
        <marc:datafield tag="020" ind1=" " ind2=" ">
            <marc:subfield code="a">978-1-4088-5786-1</marc:subfield>
            <marc:subfield code="c">Nkr 105.66</marc:subfield>
        </marc:datafield>
        <marc:datafield tag="100" ind1="1" ind2=" ">
            <marc:subfield code="a">Maas, Sarah J</marc:subfield>
            <marc:subfield code="1">http://viaf.org/viaf/238172260</marc:subfield>
            <marc:subfield code="4">aut</marc:subfield>
        </marc:datafield>
        <marc:datafield tag="240" ind1="1" ind2="2">
            <marc:subfield code="a">A Court of Thorns and Roses</marc:subfield>
            <marc:subfield code="1">http://viaf.org/viaf/3224148209330200460004</marc:subfield>
        </marc:datafield>
        <marc:datafield tag="245" ind1="1" ind2="2">
            <marc:subfield code="a">A Court of Thorns and Roses</marc:subfield>
            <marc:subfield code="c">Sarah J. Maas</marc:subfield>
        </marc:datafield>
        <marc:datafield tag="260" ind1=" " ind2=" ">
            <marc:subfield code="a">London</marc:subfield>
            <marc:subfield code="b">Bloomsbury</marc:subfield>
            <marc:subfield code="c">2015</marc:subfield>
        </marc:datafield>
        <marc:datafield tag="300" ind1=" " ind2=" ">
            <marc:subfield code="a">419 s</marc:subfield>
        </marc:datafield>
        <marc:datafield tag="336" ind1=" " ind2=" ">
            <marc:subfield code="a">text</marc:subfield>
            <marc:subfield code="b">txt</marc:subfield>
            <marc:subfield code="2">rdacontent</marc:subfield>
            <marc:subfield code="0">http://rdaregistry.info/termList/RDAContentType/1020</marc:subfield>
        </marc:datafield>
        <marc:datafield tag="337" ind1=" " ind2=" ">
            <marc:subfield code="a">unmediated</marc:subfield>
            <marc:subfield code="b">n</marc:subfield>
            <marc:subfield code="2">rdamedia</marc:subfield>
            <marc:subfield code="0">http://rdaregistry.info/termList/RDAMediaType/1007</marc:subfield>
        </marc:datafield>
        <marc:datafield tag="338" ind1=" " ind2=" ">
            <marc:subfield code="a">volume</marc:subfield>
            <marc:subfield code="b">nc</marc:subfield>
            <marc:subfield code="2">rdacarrier</marc:subfield>
            <marc:subfield code="0">http://rdaregistry.info/termList/RDACarrierType/1049</marc:subfield>
        </marc:datafield>
        <marc:datafield tag="380" ind1=" " ind2=" ">
            <marc:subfield code="a">Book</marc:subfield>
            <marc:subfield code="2">marcgt</marc:subfield>
        </marc:datafield>
        <marc:datafield tag="520" ind1=" " ind2=" ">
            <marc:subfield code="a">Feyres overlevelse avhenger av evnen til å jakte og drepe; skogen der hun bor er et kaldt, dystert sted i de lange vintermånedene. Når en hjort i skogen blir forfulgt av en ulv, kan hun ikke motstå å nedkjempe ulven for kjøttets skyld. Men for å gjøre det må hun drepe rovdyret, og å drepe noe så verdifullt krever sitt offer. Feyre blir tatt med makt til et magisk kongerike for drapet på en alv. Der oppdager hun at fangevokteren hennes, med ansiktet skjult av en juvelbesatt maske, gjemmer langt mer enn hans øyne skulle tilsi. Feyres tilstedeværelse ved hoffet er nøye bevoktet, og når hun får greie på hvorfor, får hun lidenskapelige følelser for vokteren. Feyre må kjempe for å knuse en eldgammel forbannelse, ellers vil hun miste ham for alltid. Dette er første bok i en ny fantasytrilogi</marc:subfield>
        </marc:datafield>
        <marc:datafield tag="521" ind1=" " ind2=" ">
            <marc:subfield code="a">Alder: Ungdom over 13 år</marc:subfield>
        </marc:datafield>
        <marc:datafield tag="655" ind1=" " ind2=" ">
            <marc:subfield code="a">Fantasy</marc:subfield>
        </marc:datafield>
        <marc:datafield tag="655" ind1=" " ind2=" ">
            <marc:subfield code="a">High fantasy</marc:subfield>
        </marc:datafield>
        <marc:datafield tag="655" ind1=" " ind2=" ">
            <marc:subfield code="a">Romaner</marc:subfield>
        </marc:datafield>
        <marc:datafield tag="655" ind1=" " ind2=" ">
            <marc:subfield code="a">Ungdomsbøker</marc:subfield>
        </marc:datafield>
        <marc:datafield tag="785" ind1=" " ind2="0">
            <marc:subfield code="t">A court of mist and fury</marc:subfield>
            <marc:subfield code="1">http://viaf.org/viaf/5398151474870400490000</marc:subfield>
        </marc:datafield>
    </marc:record>