
    <marc:record>
        <marc:leader>01513cam a2200325 i 4500</marc:leader>
        <marc:controlfield tag="001">17934547</marc:controlfield>
        <marc:controlfield tag="005">20150930143055.0</marc:controlfield>
        <marc:controlfield tag="008">131107s2014    nyua   d      000 1 eng </marc:controlfield>
        <marc:datafield tag="010" ind1=" " ind2=" ">
            <marc:subfield code="a">  2013041954</marc:subfield>
        </marc:datafield>
        <marc:datafield tag="020" ind1=" " ind2=" ">
            <marc:subfield code="a">9781619633612</marc:subfield>
        </marc:datafield>
        <marc:datafield tag="020" ind1=" " ind2=" ">
            <marc:subfield code="z">9781619632219</marc:subfield>
        </marc:datafield>
        <marc:datafield tag="040" ind1=" " ind2=" ">
            <marc:subfield code="a">DLC</marc:subfield>
            <marc:subfield code="b">eng</marc:subfield>
            <marc:subfield code="c">DLC</marc:subfield>
            <marc:subfield code="e">rda</marc:subfield>
            <marc:subfield code="d">DLC</marc:subfield>
        </marc:datafield>
        <marc:datafield tag="100" ind1="1" ind2=" ">
            <marc:subfield code="a">Maas, Sarah J</marc:subfield>
            <marc:subfield code="1">http://viaf.org/viaf/238172260</marc:subfield>
            <marc:subfield code="4">aut</marc:subfield>
        </marc:datafield>
        <marc:datafield tag="240" ind1="1" ind2="4">
            <marc:subfield code="a">The assassin's blade</marc:subfield>
            <marc:subfield code="1">http://viaf.org/viaf/5753151052081233530003</marc:subfield>
        </marc:datafield>
        <marc:datafield tag="245" ind1="1" ind2="4">
            <marc:subfield code="a">The assassin's blade</marc:subfield>
            <marc:subfield code="b">the Throne of Glass novellas</marc:subfield>
            <marc:subfield code="c">Sarah J. Maas</marc:subfield>
        </marc:datafield>
        <marc:datafield tag="260" ind1=" " ind2=" ">
            <marc:subfield code="a">New York</marc:subfield>
            <marc:subfield code="b">Bloomsbury</marc:subfield>
            <marc:subfield code="c">2014</marc:subfield>
        </marc:datafield>
        <marc:datafield tag="300" ind1=" " ind2=" ">
            <marc:subfield code="a">435 s</marc:subfield>
            <marc:subfield code="b">ill</marc:subfield>
            <marc:subfield code="c">25 cm</marc:subfield>
        </marc:datafield>
        <marc:datafield tag="336" ind1=" " ind2=" ">
            <marc:subfield code="a">text</marc:subfield>
            <marc:subfield code="b">txt</marc:subfield>
            <marc:subfield code="2">rdacontent</marc:subfield>
            <marc:subfield code="0">http://rdaregistry.info/termList/RDAContentType/1020</marc:subfield>
        </marc:datafield>
        <marc:datafield tag="337" ind1=" " ind2=" ">
            <marc:subfield code="a">unmediated</marc:subfield>
            <marc:subfield code="b">n</marc:subfield>
            <marc:subfield code="2">rdamedia</marc:subfield>
            <marc:subfield code="0">http://rdaregistry.info/termList/RDAMediaType/1007</marc:subfield>
        </marc:datafield>
        <marc:datafield tag="338" ind1=" " ind2=" ">
            <marc:subfield code="a">volume</marc:subfield>
            <marc:subfield code="b">nc</marc:subfield>
            <marc:subfield code="2">rdacarrier</marc:subfield>
            <marc:subfield code="0">http://rdaregistry.info/termList/RDACarrierType/1049</marc:subfield>
        </marc:datafield>
        <marc:datafield tag="380" ind1=" " ind2=" ">
            <marc:subfield code="a">Book</marc:subfield>
            <marc:subfield code="2">marcgt</marc:subfield>
        </marc:datafield>
        <marc:datafield tag="490" ind1="0" ind2=" ">
            <marc:subfield code="a">Throne of Glass ;</marc:subfield>
            <marc:subfield code="v">0.1-0.5</marc:subfield>
        </marc:datafield>
        <marc:datafield tag="500" ind1=" " ind2=" ">
            <marc:subfield code="a">Contains four previously published e-books: The assassin and the pirate lord, The assassin and the desert, The assassin and the underworld, and The assassin and the empire, plus one never-before-published novella, The assassin and the healer</marc:subfield>
        </marc:datafield>
        <marc:datafield tag="520" ind1=" " ind2=" ">
            <marc:subfield code="a">In these five prequel novellas to "Throne of Glass," feared assassin Celaena embarks on daring missions that take her from remote islands to hostile deserts, where she fights to liberate slaves and avenge tyranny</marc:subfield>
        </marc:datafield>
        <marc:datafield tag="655" ind1=" " ind2=" ">
            <marc:subfield code="a">High fantasy</marc:subfield>
        </marc:datafield>
        <marc:datafield tag="655" ind1=" " ind2=" ">
            <marc:subfield code="a">Fantasy</marc:subfield>
        </marc:datafield>
        <marc:datafield tag="655" ind1=" " ind2=" ">
            <marc:subfield code="a">Kortromaner</marc:subfield>
        </marc:datafield>
        <marc:datafield tag="655" ind1=" " ind2=" ">
            <marc:subfield code="a">Ungdomsbøker</marc:subfield>
        </marc:datafield>
        <marc:datafield tag="785" ind1="0" ind2="0">
            <marc:subfield code="t">Throne of Glass</marc:subfield>
            <marc:subfield code="1">http://viaf.org/viaf/699152502752010800006</marc:subfield>
        </marc:datafield>
    </marc:record>