
    <marc:record>
        <marc:leader>03061cgm a22005657a 4500</marc:leader>
        <marc:controlfield tag="001">15574166</marc:controlfield>
        <marc:controlfield tag="005">20150625120137.0</marc:controlfield>
        <marc:controlfield tag="007">mr c|aaf|nara||ac------</marc:controlfield>
        <marc:controlfield tag="008">090105s2006    xxu103            mceng  </marc:controlfield>
        <marc:datafield tag="010" ind1=" " ind2=" ">
            <marc:subfield code="a">  2009590150</marc:subfield>
        </marc:datafield>
        <marc:datafield tag="017" ind1=" " ind2=" ">
            <marc:subfield code="a">PA0001341149</marc:subfield>
            <marc:subfield code="b">U.S. Copyright Office</marc:subfield>
        </marc:datafield>
        <marc:datafield tag="040" ind1=" " ind2=" ">
            <marc:subfield code="a">DLC</marc:subfield>
            <marc:subfield code="c">DLC</marc:subfield>
            <marc:subfield code="e">amim</marc:subfield>
            <marc:subfield code="d">DLC</marc:subfield>
        </marc:datafield>
        <marc:datafield tag="044" ind1=" " ind2=" ">
            <marc:subfield code="a">xxu</marc:subfield>
            <marc:subfield code="a">xxk</marc:subfield>
        </marc:datafield>
        <marc:datafield tag="050" ind1="0" ind2="0">
            <marc:subfield code="a">CGE 0185-0189 (viewing print)</marc:subfield>
        </marc:datafield>
        <marc:datafield tag="130" ind1="0" ind2=" ">
            <marc:subfield code="a">Eragon (Motion picture)</marc:subfield>
        </marc:datafield>
        <marc:datafield tag="240" ind1="1" ind2="4">
            <marc:subfield code="a">Eragon</marc:subfield>
            <marc:subfield code="l">engelsk</marc:subfield>
            <marc:subfield code="1">http://viaf.org/viaf/208723082</marc:subfield>
        </marc:datafield>
        <marc:datafield tag="245" ind1="1" ind2="0">
            <marc:subfield code="a">Eragon</marc:subfield>
            <marc:subfield code="c">a Fox 2000 Pictures presentation in association with Ingenious Film Partners of a Davis Entertainment Co. production ; directed by Stefen Fangmeier ; produced by John Davis, Wyck Godfrey ; screenplay, Peter Buchman.</marc:subfield>
        </marc:datafield>
        <marc:datafield tag="257" ind1=" " ind2=" ">
            <marc:subfield code="a">United States ; Great Britain.</marc:subfield>
        </marc:datafield>
        <marc:datafield tag="260" ind1=" " ind2=" ">
            <marc:subfield code="a">United States :</marc:subfield>
            <marc:subfield code="b">Twentieth Century-Fox Film Corporation,</marc:subfield>
            <marc:subfield code="c">2006.</marc:subfield>
        </marc:datafield>
        <marc:datafield tag="300" ind1=" " ind2=" ">
            <marc:subfield code="3">viewing print.</marc:subfield>
            <marc:subfield code="a">10 filmruller av 10 on 5 (ca. 103 min., ca. 9,270 ft.) :</marc:subfield>
            <marc:subfield code="b">sd., col. ;</marc:subfield>
            <marc:subfield code="c">35 mm.</marc:subfield>
        </marc:datafield>
        <marc:datafield tag="336" ind1=" " ind2=" ">
            <marc:subfield code="a">two-dimensional moving image</marc:subfield>
            <marc:subfield code="b">tdi</marc:subfield>
            <marc:subfield code="2">rdacontent</marc:subfield>
            <marc:subfield code="0">http://rdaregistry.info/termList/RDAContentType/1023</marc:subfield>
        </marc:datafield>
        <marc:datafield tag="337" ind1=" " ind2=" ">
            <marc:subfield code="a">video</marc:subfield>
            <marc:subfield code="b">v</marc:subfield>
            <marc:subfield code="2">rdamedia</marc:subfield>
            <marc:subfield code="0">http://rdaregistry.info/termList/RDAMediaType/1008</marc:subfield>
        </marc:datafield>
        <marc:datafield tag="338" ind1=" " ind2=" ">
            <marc:subfield code="a">videodisc</marc:subfield>
            <marc:subfield code="b">vd</marc:subfield>
            <marc:subfield code="2">rdacarrier</marc:subfield>
            <marc:subfield code="0">http://rdaregistry.info/termList/RDACarrierType/1060</marc:subfield>
        </marc:datafield>
        <marc:datafield tag="380" ind1=" " ind2=" ">
            <marc:subfield code="a">Motion picture</marc:subfield>
            <marc:subfield code="2">marcgt</marc:subfield>
        </marc:datafield>
        <marc:datafield tag="500" ind1=" " ind2=" ">
            <marc:subfield code="a">Copyright Claimant: Twentieth Century Fox Film Corporation and Dune Entertainment, LLC. Date of Creation: 2006; Date of Publication: 2006-12-05; Registration Number / Date: PA0001341149 / 2006-12-11.</marc:subfield>
        </marc:datafield>
        <marc:datafield tag="508" ind1=" " ind2=" ">
            <marc:subfield code="a">Executive producers, Gil Netter, Chris Symes ; camera, Hugh Johnson ; editor, Roger Barton ; music, Patrick Doyle.</marc:subfield>
        </marc:datafield>
        <marc:datafield tag="511" ind1="0" ind2=" ">
            <marc:subfield code="a">Voice: Rachel Weisz.</marc:subfield>
        </marc:datafield>
        <marc:datafield tag="511" ind1="1" ind2=" ">
            <marc:subfield code="a">Ed Speleers, Jeremy Irons, Sienna Guillory, Robert Carlyle, Djimon Hounsou, Garrett Hedlund, Joss Stone, John Malkovich.</marc:subfield>
        </marc:datafield>
        <marc:datafield tag="520" ind1=" " ind2=" ">
            <marc:subfield code="a">In a land where dragons have all but disappeared, a young boy finds a dragon egg and discovers that he is destined to be its rider and defend his homeland against the evil king who now reigns.</marc:subfield>
        </marc:datafield>
        <marc:datafield tag="500" ind1=" " ind2=" ">
            <marc:subfield code="a">Summary from FirstSearch, OCLC 191867356, viewed Jan. 5, 2009.</marc:subfield>
        </marc:datafield>
        <marc:datafield tag="500" ind1=" " ind2=" ">
            <marc:subfield code="a">Based on the book by Christopher Paolini.</marc:subfield>
        </marc:datafield>
        <marc:datafield tag="521" ind1="8" ind2=" ">
            <marc:subfield code="a">MPAA rating: PG.</marc:subfield>
        </marc:datafield>
        <marc:datafield tag="500" ind1=" " ind2=" ">
            <marc:subfield code="a">Not viewed.</marc:subfield>
        </marc:datafield>
        <marc:datafield tag="500" ind1=" " ind2=" ">
            <marc:subfield code="a">Sources used: copyright data sheet; copyright database; Variety Web site, review posted Dec. 14, 2006, viewed Jan. 5, 2009; Internet movie database, viewed Jan. 5, 2009; AllMovie Web site, viewed Jan. 5, 2009; FirstSearch, OCLC 191867356, viewed Jan. 5, 2009.</marc:subfield>
        </marc:datafield>
        <marc:datafield tag="541" ind1=" " ind2=" ">
            <marc:subfield code="3">viewing print;</marc:subfield>
            <marc:subfield code="d">Received: 2007-01-23;</marc:subfield>
            <marc:subfield code="c">copyright deposit--RNR;</marc:subfield>
            <marc:subfield code="a">Copyright Collection.</marc:subfield>
        </marc:datafield>
        <marc:datafield tag="650" ind1=" " ind2="0">
            <marc:subfield code="a">Magi</marc:subfield>
        </marc:datafield>
        <marc:datafield tag="650" ind1=" " ind2="0">
            <marc:subfield code="a">Drager</marc:subfield>
        </marc:datafield>
        <marc:datafield tag="655" ind1=" " ind2="1">
            <marc:subfield code="a">Fantasy</marc:subfield>
        </marc:datafield>
        <marc:datafield tag="655" ind1=" " ind2="7">
            <marc:subfield code="a">High fantasy</marc:subfield>
        </marc:datafield>
        <marc:datafield tag="655" ind1=" " ind2="7">
            <marc:subfield code="a">Filmer</marc:subfield>
        </marc:datafield>
        <marc:datafield tag="700" ind1="1" ind2=" ">
            <marc:subfield code="a">Fangmeier, Stefen</marc:subfield>
            <marc:subfield code="1">http://viaf.org/viaf/17523486</marc:subfield>
            <marc:subfield code="4">fld</marc:subfield>
            <marc:subfield code="e">redaktør.</marc:subfield>
        </marc:datafield>
        <marc:datafield tag="700" ind1="1" ind2=" ">
            <marc:subfield code="a">Davis, John</marc:subfield>
            <marc:subfield code="1">http://viaf.org/viaf/107042230</marc:subfield>
            <marc:subfield code="4">fmp</marc:subfield>
            <marc:subfield code="e">produksjon.</marc:subfield>
        </marc:datafield>
        <marc:datafield tag="700" ind1="1" ind2=" ">
            <marc:subfield code="a">Godfrey, Wyck</marc:subfield>
            <marc:subfield code="1">http://viaf.org/viaf/275250009</marc:subfield>
            <marc:subfield code="4">fmp</marc:subfield>
            <marc:subfield code="e">produksjon.</marc:subfield>
        </marc:datafield>
        <marc:datafield tag="700" ind1="1" ind2=" ">
            <marc:subfield code="a">Buchman, Peter</marc:subfield>
            <marc:subfield code="1">http://viaf.org/viaf/103380609</marc:subfield>
            <marc:subfield code="4">aus</marc:subfield>
            <marc:subfield code="e">manusforfatter.</marc:subfield>
        </marc:datafield>
        <marc:datafield tag="700" ind1="1" ind2=" ">
            <marc:subfield code="a">Weisz, Rachel</marc:subfield>
            <marc:subfield code="1">http://viaf.org/viaf/85083503</marc:subfield>
            <marc:subfield code="4">vac</marc:subfield>
        </marc:datafield>
        <marc:datafield tag="700" ind1="1" ind2=" ">
            <marc:subfield code="a">Johnson, Hugh</marc:subfield>
            <marc:subfield code="1">http://viaf.org/viaf/161587819</marc:subfield>
            <marc:subfield code="4">cng</marc:subfield>
        </marc:datafield>
        <marc:datafield tag="700" ind1="1" ind2=" ">
            <marc:subfield code="a">Doyle, Patrick</marc:subfield>
            <marc:subfield code="1">http://viaf.org/viaf/85095266</marc:subfield>
            <marc:subfield code="4">msd</marc:subfield>
        </marc:datafield>
        <marc:datafield tag="700" ind1="1" ind2=" ">
            <marc:subfield code="a">Netter, Gil</marc:subfield>
            <marc:subfield code="1">http://viaf.org/viaf/87052173</marc:subfield>
            <marc:subfield code="4">fmp</marc:subfield>
        </marc:datafield>
        <marc:datafield tag="700" ind1="1" ind2=" ">
            <marc:subfield code="a">Symes, Chris</marc:subfield>
            <marc:subfield code="1">http://viaf.org/viaf/311635597</marc:subfield>
            <marc:subfield code="4">fmp</marc:subfield>
        </marc:datafield>
        <marc:datafield tag="700" ind1="1" ind2=" ">
            <marc:subfield code="a">Barton, Roger</marc:subfield>
            <marc:subfield code="1">http://viaf.org/viaf/311607322</marc:subfield>
            <marc:subfield code="4">flm</marc:subfield>
        </marc:datafield>
        <marc:datafield tag="700" ind1="1" ind2=" ">
            <marc:subfield code="a">Carlyle, Robert</marc:subfield>
            <marc:subfield code="1">http://viaf.org/viaf/85511307</marc:subfield>
            <marc:subfield code="4">act</marc:subfield>
        </marc:datafield>
        <marc:datafield tag="700" ind1="1" ind2=" ">
            <marc:subfield code="a">Hounsou, Djimon</marc:subfield>
            <marc:subfield code="1">http://viaf.org/viaf/120244157</marc:subfield>
            <marc:subfield code="4">act</marc:subfield>
        </marc:datafield>
        <marc:datafield tag="700" ind1="1" ind2=" ">
            <marc:subfield code="a">Hedlund, Garrett</marc:subfield>
            <marc:subfield code="1">http://viaf.org/viaf/230795549</marc:subfield>
            <marc:subfield code="4">act</marc:subfield>
        </marc:datafield>
        <marc:datafield tag="700" ind1="1" ind2=" ">
            <marc:subfield code="a">Stone, Joss</marc:subfield>
            <marc:subfield code="1">http://viaf.org/viaf/12551019</marc:subfield>
            <marc:subfield code="4">act</marc:subfield>
        </marc:datafield>
        <marc:datafield tag="700" ind1="1" ind2=" ">
            <marc:subfield code="a">Malcovich, John</marc:subfield>
            <marc:subfield code="1">http://viaf.org/viaf/226149294281080521370</marc:subfield>
            <marc:subfield code="4">act</marc:subfield>
        </marc:datafield>
        <marc:datafield tag="700" ind1="1" ind2=" ">
            <marc:subfield code="a">Speleers, Ed</marc:subfield>
            <marc:subfield code="1">http://viaf.org/viaf/29846619</marc:subfield>
            <marc:subfield code="4">act</marc:subfield>
            <marc:subfield code="e">skuespiller.</marc:subfield>
        </marc:datafield>
        <marc:datafield tag="700" ind1="1" ind2=" ">
            <marc:subfield code="a">Irons, Jeremy</marc:subfield>
            <marc:subfield code="1">http://viaf.org/viaf/114783177</marc:subfield>
            <marc:subfield code="4">act</marc:subfield>
            <marc:subfield code="e">skuespiller.</marc:subfield>
        </marc:datafield>
        <marc:datafield tag="700" ind1="1" ind2=" ">
            <marc:subfield code="a">Guillory, Sienna</marc:subfield>
            <marc:subfield code="1">http://viaf.org/viaf/85096882</marc:subfield>
            <marc:subfield code="4">act</marc:subfield>
            <marc:subfield code="e">skuespiller.</marc:subfield>
        </marc:datafield>
        <marc:datafield tag="700" ind1="1" ind2=" ">
            <marc:subfield code="a">Paolini, Christopher</marc:subfield>
            <marc:subfield code="1">http://viaf.org/viaf/49468743</marc:subfield>
            <marc:subfield code="4">aut</marc:subfield>
            <marc:subfield code="t">Eragon.</marc:subfield>
        </marc:datafield>
        <marc:datafield tag="710" ind1="2" ind2=" ">
            <marc:subfield code="a">Fox 2000 Pictures.</marc:subfield>
        </marc:datafield>
        <marc:datafield tag="710" ind1="2" ind2=" ">
            <marc:subfield code="a">Ingenious Film Partners (Firm)</marc:subfield>
        </marc:datafield>
        <marc:datafield tag="710" ind1="2" ind2=" ">
            <marc:subfield code="a">Davis Entertainment Company</marc:subfield>
        </marc:datafield>
        <marc:datafield tag="710" ind1="2" ind2=" ">
            <marc:subfield code="a">Copyright Collection (Library of Congress)</marc:subfield>
            <marc:subfield code="5">DLC</marc:subfield>
        </marc:datafield>
    </marc:record>