
    <marc:record>
        <marc:leader>04301cgm a22007337a 4500</marc:leader>
        <marc:controlfield tag="001">16677339</marc:controlfield>
        <marc:controlfield tag="005">20180907123439.0</marc:controlfield>
        <marc:controlfield tag="007">vd cvaizk</marc:controlfield>
        <marc:controlfield tag="008">110304s2007    xxu103 g          mceng d</marc:controlfield>
        <marc:datafield tag="010" ind1=" " ind2=" ">
            <marc:subfield code="a">  2011603637</marc:subfield>
        </marc:datafield>
        <marc:datafield tag="017" ind1=" " ind2=" ">
            <marc:subfield code="a">PA0001389736</marc:subfield>
            <marc:subfield code="b">U.S. Copyright Office</marc:subfield>
        </marc:datafield>
        <marc:datafield tag="024" ind1="1" ind2=" ">
            <marc:subfield code="a">024543426882</marc:subfield>
        </marc:datafield>
        <marc:datafield tag="035" ind1=" " ind2=" ">
            <marc:subfield code="a">(OCoLC)ocn489236351</marc:subfield>
        </marc:datafield>
        <marc:datafield tag="040" ind1=" " ind2=" ">
            <marc:subfield code="a">WIQ</marc:subfield>
            <marc:subfield code="c">WIQ</marc:subfield>
            <marc:subfield code="d">ZAQ</marc:subfield>
            <marc:subfield code="d">EMU</marc:subfield>
            <marc:subfield code="d">DLC</marc:subfield>
        </marc:datafield>
        <marc:datafield tag="041" ind1="1" ind2=" ">
            <marc:subfield code="a">eng</marc:subfield>
            <marc:subfield code="a">fre</marc:subfield>
            <marc:subfield code="a">spa</marc:subfield>
            <marc:subfield code="h">eng</marc:subfield>
            <marc:subfield code="j">eng</marc:subfield>
            <marc:subfield code="j">spa</marc:subfield>
        </marc:datafield>
        <marc:datafield tag="042" ind1=" " ind2=" ">
            <marc:subfield code="a">lccopycat</marc:subfield>
        </marc:datafield>
        <marc:datafield tag="050" ind1="0" ind2="0">
            <marc:subfield code="a">DVC 5582 (viewing copy)</marc:subfield>
        </marc:datafield>
        <marc:datafield tag="240" ind1="1" ind2="4">
            <marc:subfield code="a">Eragon</marc:subfield>
            <marc:subfield code="l">engelsk</marc:subfield>
            <marc:subfield code="1">http://viaf.org/viaf/208723082</marc:subfield>
        </marc:datafield>
        <marc:datafield tag="245" ind1="0" ind2="0">
            <marc:subfield code="a">Eragon</marc:subfield>
            <marc:subfield code="c">Fox 2000 Pictures presents a Davis Entertainment Company production ; screenplay by Peter Buchman ; produced by John Davis, Wyck Godfrey ; directed by Stefen Fangmeier.</marc:subfield>
        </marc:datafield>
        <marc:datafield tag="250" ind1=" " ind2=" ">
            <marc:subfield code="a">Special ed.</marc:subfield>
        </marc:datafield>
        <marc:datafield tag="257" ind1=" " ind2=" ">
            <marc:subfield code="a">United States.</marc:subfield>
        </marc:datafield>
        <marc:datafield tag="260" ind1=" " ind2=" ">
            <marc:subfield code="a">Culver City, Calif. :</marc:subfield>
            <marc:subfield code="b">20th Century Fox Home Entertainment,</marc:subfield>
            <marc:subfield code="c">c2007.</marc:subfield>
        </marc:datafield>
        <marc:datafield tag="300" ind1=" " ind2=" ">
            <marc:subfield code="3">viewing copy.</marc:subfield>
            <marc:subfield code="a">2 videodiscs (103 min.) :</marc:subfield>
            <marc:subfield code="b">sd., col. ;</marc:subfield>
            <marc:subfield code="c">4 3/4 in.</marc:subfield>
        </marc:datafield>
        <marc:datafield tag="336" ind1=" " ind2=" ">
            <marc:subfield code="a">two-dimensional moving image</marc:subfield>
            <marc:subfield code="b">tdi</marc:subfield>
            <marc:subfield code="2">rdacontent</marc:subfield>
            <marc:subfield code="0">http://rdaregistry.info/termList/RDAContentType/1023</marc:subfield>
        </marc:datafield>
        <marc:datafield tag="337" ind1=" " ind2=" ">
            <marc:subfield code="a">video</marc:subfield>
            <marc:subfield code="b">v</marc:subfield>
            <marc:subfield code="2">rdamedia</marc:subfield>
            <marc:subfield code="0">http://rdaregistry.info/termList/RDAMediaType/1008</marc:subfield>
        </marc:datafield>
        <marc:datafield tag="338" ind1=" " ind2=" ">
            <marc:subfield code="a">videodisc</marc:subfield>
            <marc:subfield code="b">vd</marc:subfield>
            <marc:subfield code="2">rdacarrier</marc:subfield>
            <marc:subfield code="0">http://rdaregistry.info/termList/RDACarrierType/1060</marc:subfield>
        </marc:datafield>
        <marc:datafield tag="380" ind1=" " ind2=" ">
            <marc:subfield code="a">Motion picture</marc:subfield>
            <marc:subfield code="2">marcgt</marc:subfield>
        </marc:datafield>
        <marc:datafield tag="538" ind1=" " ind2=" ">
            <marc:subfield code="a">DVD; region 1; NTSC; widescreen (2.35:1) presentation.</marc:subfield>
        </marc:datafield>
        <marc:datafield tag="500" ind1=" " ind2=" ">
            <marc:subfield code="a">Dual layer.</marc:subfield>
        </marc:datafield>
        <marc:datafield tag="546" ind1=" " ind2=" ">
            <marc:subfield code="a">English (5.1 or DTS), dubbed Spanish (2.0) and dubbed French (2.0) soundtracks; optional English or Spanish subtitles; closed-captioned.</marc:subfield>
        </marc:datafield>
        <marc:datafield tag="511" ind1="1" ind2=" ">
            <marc:subfield code="a">Ed Speleers, Jeremy Irons, Sienna Guillory, Robert Carlyle, Djimon Hounsou, Garrett Hedlund, Joss Stone, Rachel Weisz, and John Malkovich.</marc:subfield>
        </marc:datafield>
        <marc:datafield tag="508" ind1=" " ind2=" ">
            <marc:subfield code="a">Music by Patrick Doyle ; special visual effects and animation, Industrial Light &amp; Magic Weta Digital Ltd. ; costume designer, Kym Barrett ; co-producers, Roger Barton, Adam Goodman ; film editor, Roger Barton ; production designer, Wolf Kroeger ; director of photography, Hugh Johnson ; executive producers, Gil Netter, Chris Symes.</marc:subfield>
        </marc:datafield>
        <marc:datafield tag="500" ind1=" " ind2=" ">
            <marc:subfield code="a">Based on the novel by Christopher Paolini.</marc:subfield>
        </marc:datafield>
        <marc:datafield tag="500" ind1=" " ind2=" ">
            <marc:subfield code="a">Originally released as a motion picture in 2006.</marc:subfield>
        </marc:datafield>
        <marc:datafield tag="521" ind1="8" ind2=" ">
            <marc:subfield code="a">MPAA rating: PG; for fantasy violence, intense battle sequences and some frightening images.</marc:subfield>
        </marc:datafield>
        <marc:datafield tag="520" ind1=" " ind2=" ">
            <marc:subfield code="a">In a kingdom ravaged by darkness and tyranny, one small ray of hope emerges when a mysterious blue "stone" turns out to be the last dragon's egg in existence. An orphaned farm boy is chosen by the mystic stone as its keeper and he must become not only a Dragon Rider, but the savior of the repressed people of the kingdom.</marc:subfield>
        </marc:datafield>
        <marc:datafield tag="500" ind1=" " ind2=" ">
            <marc:subfield code="a">Special features: audio commentary with director Stefen Fangmeier; extended and deleted scenes with optional director's commentary; "Inside the Inheritance Trilogy: the magic of Eragon" documentary; "Eldest"--the first two chapters of the second book in the Inheritance Trilogy; "The inhabitants of Alagaësia" character featurettes; "Arya's ambush" original animatic sequence with optional director's commentary; "Vision of Eragon" conceptual art gallery; pronunciation guide; original and unused storyboard galleries; Christopher Paolini interview; "The secrets of Alagaësia" visual effects featurettes; "Saphira's animation guide" CGI featurette with director's commentary; original teaser trailer and more.</marc:subfield>
        </marc:datafield>
        <marc:datafield tag="650" ind1=" " ind2="0">
            <marc:subfield code="a">Magi</marc:subfield>
        </marc:datafield>
        <marc:datafield tag="650" ind1=" " ind2="0">
            <marc:subfield code="a">Drager</marc:subfield>
        </marc:datafield>
        <marc:datafield tag="655" ind1=" " ind2="1">
            <marc:subfield code="a">Fantasy</marc:subfield>
        </marc:datafield>
        <marc:datafield tag="655" ind1=" " ind2="7">
            <marc:subfield code="a">High fantasy</marc:subfield>
        </marc:datafield>
        <marc:datafield tag="655" ind1=" " ind2="7">
            <marc:subfield code="a">Filmer</marc:subfield>
        </marc:datafield>
        <marc:datafield tag="700" ind1="1" ind2=" ">
            <marc:subfield code="a">Fangmeier, Stefen</marc:subfield>
            <marc:subfield code="1">http://viaf.org/viaf/17523486</marc:subfield>
            <marc:subfield code="4">fld</marc:subfield>
            <marc:subfield code="e">redaktør.</marc:subfield>
        </marc:datafield>
        <marc:datafield tag="700" ind1="1" ind2=" ">
            <marc:subfield code="a">Davis, John</marc:subfield>
            <marc:subfield code="1">http://viaf.org/viaf/107042230</marc:subfield>
            <marc:subfield code="4">fmp</marc:subfield>
            <marc:subfield code="e">produksjon.</marc:subfield>
        </marc:datafield>
        <marc:datafield tag="700" ind1="1" ind2=" ">
            <marc:subfield code="a">Godfrey, Wyck</marc:subfield>
            <marc:subfield code="1">http://viaf.org/viaf/275250009</marc:subfield>
            <marc:subfield code="4">fmp</marc:subfield>
            <marc:subfield code="e">produksjon.</marc:subfield>
        </marc:datafield>
        <marc:datafield tag="700" ind1="1" ind2=" ">
            <marc:subfield code="a">Buchman, Peter</marc:subfield>
            <marc:subfield code="1">http://viaf.org/viaf/103380609</marc:subfield>
            <marc:subfield code="4">aus</marc:subfield>
            <marc:subfield code="e">manusforfatter.</marc:subfield>
        </marc:datafield>
        <marc:datafield tag="700" ind1="1" ind2=" ">
            <marc:subfield code="a">Weisz, Rachel</marc:subfield>
            <marc:subfield code="1">http://viaf.org/viaf/85083503</marc:subfield>
            <marc:subfield code="4">vac</marc:subfield>
        </marc:datafield>
        <marc:datafield tag="700" ind1="1" ind2=" ">
            <marc:subfield code="a">Johnson, Hugh</marc:subfield>
            <marc:subfield code="1">http://viaf.org/viaf/161587819</marc:subfield>
            <marc:subfield code="4">cng</marc:subfield>
        </marc:datafield>
        <marc:datafield tag="700" ind1="1" ind2=" ">
            <marc:subfield code="a">Doyle, Patrick</marc:subfield>
            <marc:subfield code="1">http://viaf.org/viaf/85095266</marc:subfield>
            <marc:subfield code="4">msd</marc:subfield>
        </marc:datafield>
        <marc:datafield tag="700" ind1="1" ind2=" ">
            <marc:subfield code="a">Netter, Gil</marc:subfield>
            <marc:subfield code="1">http://viaf.org/viaf/87052173</marc:subfield>
            <marc:subfield code="4">fmp</marc:subfield>
        </marc:datafield>
        <marc:datafield tag="700" ind1="1" ind2=" ">
            <marc:subfield code="a">Symes, Chris</marc:subfield>
            <marc:subfield code="1">http://viaf.org/viaf/311635597</marc:subfield>
            <marc:subfield code="4">fmp</marc:subfield>
        </marc:datafield>
        <marc:datafield tag="700" ind1="1" ind2=" ">
            <marc:subfield code="a">Barton, Roger</marc:subfield>
            <marc:subfield code="1">http://viaf.org/viaf/311607322</marc:subfield>
            <marc:subfield code="4">flm</marc:subfield>
        </marc:datafield>
        <marc:datafield tag="700" ind1="1" ind2=" ">
            <marc:subfield code="a">Carlyle, Robert</marc:subfield>
            <marc:subfield code="1">http://viaf.org/viaf/85511307</marc:subfield>
            <marc:subfield code="4">act</marc:subfield>
        </marc:datafield>
        <marc:datafield tag="700" ind1="1" ind2=" ">
            <marc:subfield code="a">Hounsou, Djimon</marc:subfield>
            <marc:subfield code="1">http://viaf.org/viaf/120244157</marc:subfield>
            <marc:subfield code="4">act</marc:subfield>
        </marc:datafield>
        <marc:datafield tag="700" ind1="1" ind2=" ">
            <marc:subfield code="a">Hedlund, Garrett</marc:subfield>
            <marc:subfield code="1">http://viaf.org/viaf/230795549</marc:subfield>
            <marc:subfield code="4">act</marc:subfield>
        </marc:datafield>
        <marc:datafield tag="700" ind1="1" ind2=" ">
            <marc:subfield code="a">Stone, Joss</marc:subfield>
            <marc:subfield code="1">http://viaf.org/viaf/12551019</marc:subfield>
            <marc:subfield code="4">act</marc:subfield>
        </marc:datafield>
        <marc:datafield tag="700" ind1="1" ind2=" ">
            <marc:subfield code="a">Malcovich, John</marc:subfield>
            <marc:subfield code="1">http://viaf.org/viaf/226149294281080521370</marc:subfield>
            <marc:subfield code="4">act</marc:subfield>
        </marc:datafield>
        <marc:datafield tag="700" ind1="1" ind2=" ">
            <marc:subfield code="a">Speleers, Ed</marc:subfield>
            <marc:subfield code="1">http://viaf.org/viaf/29846619</marc:subfield>
            <marc:subfield code="4">act</marc:subfield>
            <marc:subfield code="e">skuespiller.</marc:subfield>
        </marc:datafield>
        <marc:datafield tag="700" ind1="1" ind2=" ">
            <marc:subfield code="a">Irons, Jeremy</marc:subfield>
            <marc:subfield code="1">http://viaf.org/viaf/114783177</marc:subfield>
            <marc:subfield code="4">act</marc:subfield>
            <marc:subfield code="e">skuespiller.</marc:subfield>
        </marc:datafield>
        <marc:datafield tag="700" ind1="1" ind2=" ">
            <marc:subfield code="a">Guillory, Sienna</marc:subfield>
            <marc:subfield code="1">http://viaf.org/viaf/85096882</marc:subfield>
            <marc:subfield code="4">act</marc:subfield>
            <marc:subfield code="e">skuespiller.</marc:subfield>
        </marc:datafield>
        <marc:datafield tag="700" ind1="1" ind2=" ">
            <marc:subfield code="a">Paolini, Christopher</marc:subfield>
            <marc:subfield code="1">http://viaf.org/viaf/49468743</marc:subfield>
            <marc:subfield code="4">aut</marc:subfield>
            <marc:subfield code="t">Eragon.</marc:subfield>
        </marc:datafield>
        <marc:datafield tag="710" ind1="2" ind2=" ">
            <marc:subfield code="a">Fox 2000 Pictures.</marc:subfield>
        </marc:datafield>
        <marc:datafield tag="710" ind1="2" ind2=" ">
            <marc:subfield code="a">Ingenious Film Partners (Firm)</marc:subfield>
        </marc:datafield>
        <marc:datafield tag="710" ind1="2" ind2=" ">
            <marc:subfield code="a">Davis Entertainment Company.</marc:subfield>
        </marc:datafield>
        <marc:datafield tag="710" ind1="2" ind2=" ">
            <marc:subfield code="a">Twentieth Century Fox Home Entertainment, Inc.</marc:subfield>
        </marc:datafield>
        <marc:datafield tag="710" ind1="2" ind2=" ">
            <marc:subfield code="a">Copyright Collection (Library of Congress)</marc:subfield>
            <marc:subfield code="5">DLC</marc:subfield>
        </marc:datafield>
        <marc:datafield tag="730" ind1="0" ind2=" ">
            <marc:subfield code="a">Eragon (Motion picture)</marc:subfield>
        </marc:datafield>
    </marc:record>