
    <marc:record>
        <marc:leader>02162ngm a2200505 c 4500</marc:leader>
        <marc:controlfield tag="001">a5840570</marc:controlfield>
        <marc:controlfield tag="003">SpMaBN</marc:controlfield>
        <marc:controlfield tag="005">20160825105202.5</marc:controlfield>
        <marc:controlfield tag="007">vd*cvaizq</marc:controlfield>
        <marc:controlfield tag="008">160822s2011    sp 100 g          vlbaq  </marc:controlfield>
        <marc:datafield tag="015" ind1=" " ind2=" ">
            <marc:subfield code="a">VD11</marc:subfield>
        </marc:datafield>
        <marc:datafield tag="016" ind1="7" ind2=" ">
            <marc:subfield code="a">biviBNE20070269142</marc:subfield>
            <marc:subfield code="2">SpMaBN</marc:subfield>
        </marc:datafield>
        <marc:datafield tag="017" ind1=" " ind2=" ">
            <marc:subfield code="a">BI 2833-2011</marc:subfield>
            <marc:subfield code="b">Oficina Depósito Legal Vizcaya</marc:subfield>
        </marc:datafield>
        <marc:datafield tag="035" ind1=" " ind2=" ">
            <marc:subfield code="a">(OCoLC)957761778</marc:subfield>
        </marc:datafield>
        <marc:datafield tag="040" ind1=" " ind2=" ">
            <marc:subfield code="a">SpMaBN</marc:subfield>
            <marc:subfield code="b">spa</marc:subfield>
            <marc:subfield code="c">SpMaBN</marc:subfield>
            <marc:subfield code="e">rdc</marc:subfield>
        </marc:datafield>
        <marc:datafield tag="041" ind1="1" ind2=" ">
            <marc:subfield code="a">baq</marc:subfield>
            <marc:subfield code="h">eng</marc:subfield>
        </marc:datafield>
        <marc:datafield tag="084" ind1=" " ind2=" ">
            <marc:subfield code="a">1</marc:subfield>
            <marc:subfield code="2">VD</marc:subfield>
        </marc:datafield>
        <marc:datafield tag="130" ind1=" " ind2=" ">
            <marc:subfield code="a">Eragon</marc:subfield>
            <marc:subfield code="l">Vasco</marc:subfield>
        </marc:datafield>
        <marc:datafield tag="240" ind1="1" ind2="4">
            <marc:subfield code="a">Eragon</marc:subfield>
            <marc:subfield code="l">engelsk</marc:subfield>
            <marc:subfield code="1">http://viaf.org/viaf/208723082</marc:subfield>
        </marc:datafield>
        <marc:datafield tag="245" ind1="1" ind2="0">
            <marc:subfield code="a">Eragon</marc:subfield>
            <marc:subfield code="c">dirigida por Stefen Fangmeier ; producida por John Davis, Wyck Godfrey ; guión, Peter Buchman ; director de fotografía, Hugh Johnson ; música de Patrick Doyle</marc:subfield>
        </marc:datafield>
        <marc:datafield tag="260" ind1=" " ind2=" ">
            <marc:subfield code="a">Bilbao</marc:subfield>
            <marc:subfield code="b">Twentieth Century Fox Home Entertainment España</marc:subfield>
            <marc:subfield code="c">D.L. 2011</marc:subfield>
        </marc:datafield>
        <marc:datafield tag="300" ind1=" " ind2=" ">
            <marc:subfield code="a">1 DVD-Video (ca. 100 min)</marc:subfield>
            <marc:subfield code="b">son., col.</marc:subfield>
        </marc:datafield>
        <marc:datafield tag="336" ind1=" " ind2=" ">
            <marc:subfield code="a">two-dimensional moving image</marc:subfield>
            <marc:subfield code="b">tdi</marc:subfield>
            <marc:subfield code="2">rdacontent</marc:subfield>
            <marc:subfield code="0">http://rdaregistry.info/termList/RDAContentType/1023</marc:subfield>
        </marc:datafield>
        <marc:datafield tag="337" ind1=" " ind2=" ">
            <marc:subfield code="a">video</marc:subfield>
            <marc:subfield code="b">v</marc:subfield>
            <marc:subfield code="2">rdamedia</marc:subfield>
            <marc:subfield code="0">http://rdaregistry.info/termList/RDAMediaType/1008</marc:subfield>
        </marc:datafield>
        <marc:datafield tag="338" ind1=" " ind2=" ">
            <marc:subfield code="a">videodisc</marc:subfield>
            <marc:subfield code="b">vd</marc:subfield>
            <marc:subfield code="2">rdacarrier</marc:subfield>
            <marc:subfield code="0">http://rdaregistry.info/termList/RDACarrierType/1060</marc:subfield>
        </marc:datafield>
        <marc:datafield tag="380" ind1=" " ind2=" ">
            <marc:subfield code="a">Motion picture</marc:subfield>
            <marc:subfield code="2">marcgt</marc:subfield>
        </marc:datafield>
        <marc:datafield tag="500" ind1=" " ind2=" ">
            <marc:subfield code="a">Basada en la novela de Christopher Paolini</marc:subfield>
        </marc:datafield>
        <marc:datafield tag="511" ind1="1" ind2=" ">
            <marc:subfield code="a">Ed Spellers, Jeremy Irons, Sienna Guillory</marc:subfield>
        </marc:datafield>
        <marc:datafield tag="518" ind1=" " ind2=" ">
            <marc:subfield code="a">Largometraje realizada en 2006 en Estados Unidos</marc:subfield>
        </marc:datafield>
        <marc:datafield tag="520" ind1="3" ind2=" ">
            <marc:subfield code="a">En un reino dominado por las tinieblas y la tiranía se vislumbra un pequeño rayo de esperanza cuando Eragon encuentra una misteriosa piedra azul que resulta ser el huevo de un dragón.</marc:subfield>
        </marc:datafield>
        <marc:datafield tag="521" ind1="1" ind2=" ">
            <marc:subfield code="a">Recomendada para todos los públicos</marc:subfield>
        </marc:datafield>
        <marc:datafield tag="597" ind1=" " ind2=" ">
            <marc:subfield code="a">Sistema de grabación del color PAL</marc:subfield>
        </marc:datafield>
        <marc:datafield tag="597" ind1=" " ind2=" ">
            <marc:subfield code="a">Formato de película 2.35:1</marc:subfield>
        </marc:datafield>
        <marc:datafield tag="597" ind1=" " ind2=" ">
            <marc:subfield code="a">Formato de pantalla 16:9 Letterbox</marc:subfield>
        </marc:datafield>
        <marc:datafield tag="597" ind1=" " ind2=" ">
            <marc:subfield code="a">Formato de sonido Dolby Digital DTS Surround</marc:subfield>
        </marc:datafield>
        <marc:datafield tag="650" ind1=" " ind2="0">
            <marc:subfield code="a">Magi</marc:subfield>
        </marc:datafield>
        <marc:datafield tag="650" ind1=" " ind2="0">
            <marc:subfield code="a">Drager</marc:subfield>
        </marc:datafield>
        <marc:datafield tag="655" ind1=" " ind2="1">
            <marc:subfield code="a">Fantasy</marc:subfield>
        </marc:datafield>
        <marc:datafield tag="655" ind1=" " ind2="7">
            <marc:subfield code="a">High fantasy</marc:subfield>
        </marc:datafield>
        <marc:datafield tag="655" ind1=" " ind2=" ">
            <marc:subfield code="a">Filmer</marc:subfield>
        </marc:datafield>
        <marc:datafield tag="700" ind1="1" ind2=" ">
            <marc:subfield code="a">Fangmeier, Stefen</marc:subfield>
            <marc:subfield code="1">http://viaf.org/viaf/17523486</marc:subfield>
            <marc:subfield code="4">fld</marc:subfield>
            <marc:subfield code="e">redaktør.</marc:subfield>
        </marc:datafield>
        <marc:datafield tag="700" ind1="1" ind2=" ">
            <marc:subfield code="a">Davis, John,</marc:subfield>
            <marc:subfield code="1">http://viaf.org/viaf/107042230</marc:subfield>
            <marc:subfield code="4">fmp</marc:subfield>
            <marc:subfield code="e">produksjon.</marc:subfield>
        </marc:datafield>
        <marc:datafield tag="700" ind1="1" ind2=" ">
            <marc:subfield code="a">Godfrey, Wyck,</marc:subfield>
            <marc:subfield code="1">http://viaf.org/viaf/275250009</marc:subfield>
            <marc:subfield code="4">fmp</marc:subfield>
            <marc:subfield code="e">produksjon.</marc:subfield>
        </marc:datafield>
        <marc:datafield tag="700" ind1="1" ind2=" ">
            <marc:subfield code="a">Buchman, Peter,</marc:subfield>
            <marc:subfield code="1">http://viaf.org/viaf/103380609</marc:subfield>
            <marc:subfield code="4">aus</marc:subfield>
            <marc:subfield code="e">manusforfatter.</marc:subfield>
        </marc:datafield>
        <marc:datafield tag="700" ind1="1" ind2=" ">
            <marc:subfield code="a">Weisz, Rachel</marc:subfield>
            <marc:subfield code="1">http://viaf.org/viaf/85083503</marc:subfield>
            <marc:subfield code="4">vac</marc:subfield>
        </marc:datafield>
        <marc:datafield tag="700" ind1="1" ind2=" ">
            <marc:subfield code="a">Johnson, Hugh</marc:subfield>
            <marc:subfield code="1">http://viaf.org/viaf/161587819</marc:subfield>
            <marc:subfield code="4">cng</marc:subfield>
        </marc:datafield>
        <marc:datafield tag="700" ind1="1" ind2=" ">
            <marc:subfield code="a">Doyle, Patrick</marc:subfield>
            <marc:subfield code="1">http://viaf.org/viaf/85095266</marc:subfield>
            <marc:subfield code="4">msd</marc:subfield>
        </marc:datafield>
        <marc:datafield tag="700" ind1="1" ind2=" ">
            <marc:subfield code="a">Netter, Gil</marc:subfield>
            <marc:subfield code="1">http://viaf.org/viaf/87052173</marc:subfield>
            <marc:subfield code="4">fmp</marc:subfield>
        </marc:datafield>
        <marc:datafield tag="700" ind1="1" ind2=" ">
            <marc:subfield code="a">Symes, Chris</marc:subfield>
            <marc:subfield code="1">http://viaf.org/viaf/311635597</marc:subfield>
            <marc:subfield code="4">fmp</marc:subfield>
        </marc:datafield>
        <marc:datafield tag="700" ind1="1" ind2=" ">
            <marc:subfield code="a">Barton, Roger</marc:subfield>
            <marc:subfield code="1">http://viaf.org/viaf/311607322</marc:subfield>
            <marc:subfield code="4">flm</marc:subfield>
        </marc:datafield>
        <marc:datafield tag="700" ind1="1" ind2=" ">
            <marc:subfield code="a">Carlyle, Rober</marc:subfield>
            <marc:subfield code="1">http://viaf.org/viaf/85511307</marc:subfield>
            <marc:subfield code="4">act</marc:subfield>
        </marc:datafield>
        <marc:datafield tag="700" ind1="1" ind2=" ">
            <marc:subfield code="a">Hounsou, Djimon</marc:subfield>
            <marc:subfield code="1">http://viaf.org/viaf/120244157</marc:subfield>
            <marc:subfield code="4">act</marc:subfield>
        </marc:datafield>
        <marc:datafield tag="700" ind1="1" ind2=" ">
            <marc:subfield code="a">Hedlund, Garrett</marc:subfield>
            <marc:subfield code="1">http://viaf.org/viaf/230795549</marc:subfield>
            <marc:subfield code="4">act</marc:subfield>
        </marc:datafield>
        <marc:datafield tag="700" ind1="1" ind2=" ">
            <marc:subfield code="a">Stone, Joss</marc:subfield>
            <marc:subfield code="1">http://viaf.org/viaf/12551019</marc:subfield>
            <marc:subfield code="4">act</marc:subfield>
        </marc:datafield>
        <marc:datafield tag="700" ind1="1" ind2=" ">
            <marc:subfield code="a">Malcovich, John</marc:subfield>
            <marc:subfield code="1">http://viaf.org/viaf/226149294281080521370</marc:subfield>
            <marc:subfield code="4">act</marc:subfield>
        </marc:datafield>
        <marc:datafield tag="700" ind1="1" ind2=" ">
            <marc:subfield code="a">Speleers, Ed</marc:subfield>
            <marc:subfield code="1">http://viaf.org/viaf/29846619</marc:subfield>
            <marc:subfield code="4">act</marc:subfield>
            <marc:subfield code="e">skuespiller.</marc:subfield>
        </marc:datafield>
        <marc:datafield tag="700" ind1="1" ind2=" ">
            <marc:subfield code="a">Irons, Jeremy</marc:subfield>
            <marc:subfield code="1">http://viaf.org/viaf/114783177</marc:subfield>
            <marc:subfield code="4">act</marc:subfield>
            <marc:subfield code="e">skuespiller.</marc:subfield>
        </marc:datafield>
        <marc:datafield tag="700" ind1="1" ind2=" ">
            <marc:subfield code="a">Guillory, Sienna</marc:subfield>
            <marc:subfield code="1">http://viaf.org/viaf/85096882</marc:subfield>
            <marc:subfield code="4">act</marc:subfield>
            <marc:subfield code="e">skuespiller.</marc:subfield>
        </marc:datafield>
        <marc:datafield tag="700" ind1="1" ind2=" ">
            <marc:subfield code="a">Paolini, Christopher</marc:subfield>
            <marc:subfield code="1">http://viaf.org/viaf/49468743</marc:subfield>
            <marc:subfield code="4">aut</marc:subfield>
            <marc:subfield code="t">Eragon.</marc:subfield>
        </marc:datafield>
    </marc:record>