
    <marc:record>
        <marc:leader>00967nam a2200253 a 4500</marc:leader>
        <marc:controlfield tag="001">0240512</marc:controlfield>
        <marc:controlfield tag="008">140701b                          1 eng  </marc:controlfield>
        <marc:datafield tag="015" ind1=" " ind2=" ">
            <marc:subfield code="a">10700465</marc:subfield>
        </marc:datafield>
        <marc:datafield tag="015" ind1=" " ind2=" ">
            <marc:subfield code="a">40994</marc:subfield>
        </marc:datafield>
        <marc:datafield tag="020" ind1=" " ind2=" ">
            <marc:subfield code="a">978-0-575-10583-6</marc:subfield>
        </marc:datafield>
        <marc:datafield tag="100" ind1=" " ind2=" ">
            <marc:subfield code="a">Sanderson, Brandon</marc:subfield>
            <marc:subfield code="4">aut</marc:subfield>
            <marc:subfield code="1">http://viaf.org/viaf/50418535</marc:subfield>
        </marc:datafield>
        <marc:datafield tag="240" ind1="1" ind2="3">
            <marc:subfield code="a">The alloy of law</marc:subfield>
            <marc:subfield code="1">http://viaf.org/viaf/308162454</marc:subfield>
        </marc:datafield>
        <marc:datafield tag="245" ind1="1" ind2="0">
            <marc:subfield code="a">The alloy of law /</marc:subfield>
            <marc:subfield code="c">Brandon Sanderson</marc:subfield>
        </marc:datafield>
        <marc:datafield tag="260" ind1=" " ind2=" ">
            <marc:subfield code="a">London :</marc:subfield>
            <marc:subfield code="b">Gollancz,</marc:subfield>
            <marc:subfield code="c">2011</marc:subfield>
        </marc:datafield>
        <marc:datafield tag="300" ind1=" " ind2=" ">
            <marc:subfield code="a">332 s. :</marc:subfield>
            <marc:subfield code="b">kart</marc:subfield>
        </marc:datafield>
        <marc:datafield tag="336" ind1="1" ind2=" ">
            <marc:subfield code="a">text</marc:subfield>
            <marc:subfield code="b">txt</marc:subfield>
            <marc:subfield code="2">rdacontent</marc:subfield>
            <marc:subfield code="0">http://rdaregistry.info/termList/RDAContentType/1020</marc:subfield>
        </marc:datafield>
        <marc:datafield tag="337" ind1=" " ind2=" ">
            <marc:subfield code="a">unmediated</marc:subfield>
            <marc:subfield code="b">n</marc:subfield>
            <marc:subfield code="2">rdamedia</marc:subfield>
            <marc:subfield code="0">http://rdaregistry.info/termList/RDAMediaType/1007</marc:subfield>
        </marc:datafield>
        <marc:datafield tag="337" ind1=" " ind2=" ">
            <marc:subfield code="a">unmediated</marc:subfield>
            <marc:subfield code="b">n</marc:subfield>
            <marc:subfield code="2">rdamedia</marc:subfield>
            <marc:subfield code="0">http://rdaregistry.info/termList/RDAMediaType/1007</marc:subfield>
        </marc:datafield>
        <marc:datafield tag="338" ind1=" " ind2=" ">
            <marc:subfield code="a">volume</marc:subfield>
            <marc:subfield code="b">nc</marc:subfield>
            <marc:subfield code="2">rdacarrier</marc:subfield>
            <marc:subfield code="0">http://rdaregistry.info/termList/RDACarrierType/1049</marc:subfield>
        </marc:datafield>
        <marc:datafield tag="380" ind1=" " ind2=" ">
            <marc:subfield code="a">Book</marc:subfield>
            <marc:subfield code="2">marcgt</marc:subfield>
        </marc:datafield>
        <marc:datafield tag="490" ind1="0" ind2=" ">
            <marc:subfield code="a">Mistborn ;</marc:subfield>
            <marc:subfield code="v">4</marc:subfield>
        </marc:datafield>
        <marc:datafield tag="655" ind1=" " ind2=" ">
            <marc:subfield code="a">Fantasy</marc:subfield>
        </marc:datafield>
        <marc:datafield tag="655" ind1=" " ind2=" ">
            <marc:subfield code="a">High fantasy</marc:subfield>
        </marc:datafield>
        <marc:datafield tag="655" ind1=" " ind2=" ">
            <marc:subfield code="a">Romaner</marc:subfield>
        </marc:datafield>
        <marc:datafield tag="655" ind1=" " ind2=" ">
            <marc:subfield code="a">Ungdomsbøker</marc:subfield>
        </marc:datafield>
        <marc:datafield tag="780" ind1="0" ind2="0">
            <marc:subfield code="t">The hero of ages</marc:subfield>
            <marc:subfield code="w">223994</marc:subfield>
        </marc:datafield>
        <marc:datafield tag="785" ind1="0" ind2="0">
            <marc:subfield code="t">Shadows of self</marc:subfield>
            <marc:subfield code="w">288154</marc:subfield>
        </marc:datafield>
    </marc:record>