
    <marc:record>
        <marc:leader>02630nam a2200421 a 4500</marc:leader>
        <marc:controlfield tag="001">0305560</marc:controlfield>
        <marc:controlfield tag="008">180103b                          1 eng  </marc:controlfield>
        <marc:datafield tag="015" ind1=" " ind2=" ">
            <marc:subfield code="a">0522987</marc:subfield>
        </marc:datafield>
        <marc:datafield tag="015" ind1=" " ind2=" ">
            <marc:subfield code="a">10854960</marc:subfield>
        </marc:datafield>
        <marc:datafield tag="020" ind1=" " ind2=" ">
            <marc:subfield code="a">978-1-473-21805-5</marc:subfield>
        </marc:datafield>
        <marc:datafield tag="100" ind1=" " ind2=" ">
            <marc:subfield code="a">Sanderson, Brandon</marc:subfield>
            <marc:subfield code="4">aut</marc:subfield>
            <marc:subfield code="1">http://viaf.org/viaf/50418535</marc:subfield>
        </marc:datafield>
        <marc:datafield tag="240" ind1="1" ind2="0">
            <marc:subfield code="a">Arcanum unbounded</marc:subfield>
            <marc:subfield code="1">http://viaf.org/viaf/1290147907501679210005</marc:subfield>
        </marc:datafield>
        <marc:datafield tag="245" ind1="1" ind2="0">
            <marc:subfield code="a">Arcanum unbounded :</marc:subfield>
            <marc:subfield code="b">the Cosmere collection /</marc:subfield>
            <marc:subfield code="c">Brandon Sanderson</marc:subfield>
        </marc:datafield>
        <marc:datafield tag="260" ind1=" " ind2=" ">
            <marc:subfield code="a">London :</marc:subfield>
            <marc:subfield code="b">Gollancz,</marc:subfield>
            <marc:subfield code="c">2017</marc:subfield>
        </marc:datafield>
        <marc:datafield tag="300" ind1=" " ind2=" ">
            <marc:subfield code="a">671 s. :</marc:subfield>
            <marc:subfield code="b">ill.</marc:subfield>
        </marc:datafield>
        <marc:datafield tag="336" ind1="1" ind2=" ">
            <marc:subfield code="a">text</marc:subfield>
            <marc:subfield code="b">txt</marc:subfield>
            <marc:subfield code="2">rdacontent</marc:subfield>
            <marc:subfield code="0">http://rdaregistry.info/termList/RDAContentType/1020</marc:subfield>
        </marc:datafield>
        <marc:datafield tag="337" ind1=" " ind2=" ">
            <marc:subfield code="a">unmediated</marc:subfield>
            <marc:subfield code="b">n</marc:subfield>
            <marc:subfield code="2">rdamedia</marc:subfield>
            <marc:subfield code="0">http://rdaregistry.info/termList/RDAMediaType/1007</marc:subfield>
        </marc:datafield>
        <marc:datafield tag="338" ind1=" " ind2=" ">
            <marc:subfield code="a">volume</marc:subfield>
            <marc:subfield code="b">nc</marc:subfield>
            <marc:subfield code="2">rdacarrier</marc:subfield>
            <marc:subfield code="0">http://rdaregistry.info/termList/RDACarrierType/1049</marc:subfield>
        </marc:datafield>
        <marc:datafield tag="380" ind1=" " ind2=" ">
            <marc:subfield code="a">Book</marc:subfield>
            <marc:subfield code="2">marcgt</marc:subfield>
        </marc:datafield>
        <marc:datafield tag="505" ind1="1" ind2=" ">
            <marc:subfield code="a">Inneholder 7 noveller, 1 kortroman og utdrag fra grafisk roman</marc:subfield>
        </marc:datafield>
        <marc:datafield tag="505" ind1=" " ind2=" ">
            <marc:subfield code="a">Allomancer Jack and the Pits of Eltania, episodes twenty-eight through thirty</marc:subfield>
        </marc:datafield>
        <marc:datafield tag="505" ind1=" " ind2=" ">
            <marc:subfield code="a">Edgedancer</marc:subfield>
        </marc:datafield>
        <marc:datafield tag="505" ind1=" " ind2=" ">
            <marc:subfield code="a">Mistborn: secret history</marc:subfield>
        </marc:datafield>
        <marc:datafield tag="505" ind1=" " ind2=" ">
            <marc:subfield code="a">Shadows for silence in the forests of hell</marc:subfield>
        </marc:datafield>
        <marc:datafield tag="505" ind1=" " ind2=" ">
            <marc:subfield code="a">Sixth of the dusk</marc:subfield>
        </marc:datafield>
        <marc:datafield tag="505" ind1=" " ind2=" ">
            <marc:subfield code="a">The eleventh metal</marc:subfield>
        </marc:datafield>
        <marc:datafield tag="505" ind1=" " ind2=" ">
            <marc:subfield code="a">The emperor's soul</marc:subfield>
        </marc:datafield>
        <marc:datafield tag="505" ind1=" " ind2=" ">
            <marc:subfield code="a">The hope of elantris</marc:subfield>
        </marc:datafield>
        <marc:datafield tag="655" ind1=" " ind2=" ">
            <marc:subfield code="a">Fantasy</marc:subfield>
        </marc:datafield>
        <marc:datafield tag="655" ind1=" " ind2=" ">
            <marc:subfield code="a">High fantasy</marc:subfield>
        </marc:datafield>
        <marc:datafield tag="655" ind1=" " ind2=" ">
            <marc:subfield code="a">Noveller</marc:subfield>
        </marc:datafield>
        <marc:datafield tag="655" ind1=" " ind2=" ">
            <marc:subfield code="a">Ungdomsbøker</marc:subfield>
        </marc:datafield>
        <marc:datafield tag="700" ind1="1" ind2="2">
            <marc:subfield code="a">Sanderson, Brandon</marc:subfield>
            <marc:subfield code="e">forfatter</marc:subfield>
            <marc:subfield code="t">Mistborn: secret history</marc:subfield>
            <marc:subfield code="4">aut</marc:subfield>
            <marc:subfield code="1">https://www.wikidata.org/wiki/Q22911769</marc:subfield>
        </marc:datafield>
        <marc:datafield tag="700" ind1="1" ind2="2">
            <marc:subfield code="a">Sanderson, Brandon</marc:subfield>
            <marc:subfield code="e">forfatter</marc:subfield>
            <marc:subfield code="t">The emperor's soul</marc:subfield>
            <marc:subfield code="4">aut</marc:subfield>
            <marc:subfield code="1">http://viaf.org/viaf/307146965</marc:subfield>
        </marc:datafield>
        <marc:datafield tag="740" ind1=" " ind2="2">
            <marc:subfield code="a">Allomancer Jack and the Pits of Eltania, episodes twenty-eight through thirty</marc:subfield>
        </marc:datafield>
        <marc:datafield tag="740" ind1=" " ind2="2">
            <marc:subfield code="a">Edgedancer</marc:subfield>
        </marc:datafield>
        <marc:datafield tag="740" ind1=" " ind2="2">
            <marc:subfield code="a">Shadows for silence in the forests of Hell</marc:subfield>
        </marc:datafield>
        <marc:datafield tag="740" ind1=" " ind2="2">
            <marc:subfield code="a">Sixth of the dusk</marc:subfield>
        </marc:datafield>
        <marc:datafield tag="740" ind1=" " ind2="2">
            <marc:subfield code="a">The eleventh metal</marc:subfield>
        </marc:datafield>
        <marc:datafield tag="740" ind1=" " ind2="2">
            <marc:subfield code="a">The hope of elantris</marc:subfield>
        </marc:datafield>
    </marc:record>