
    <marc:record>
        <marc:leader>01834cim a2200445 a 4500</marc:leader>
        <marc:controlfield tag="001">17092523</marc:controlfield>
        <marc:controlfield tag="005">20120117133201.0</marc:controlfield>
        <marc:controlfield tag="007">sd fsngnnmmned</marc:controlfield>
        <marc:controlfield tag="008">111221s2009    mdunnn|        f  | eng d</marc:controlfield>
        <marc:datafield tag="010" ind1=" " ind2=" ">
            <marc:subfield code="a">  2011651431</marc:subfield>
        </marc:datafield>
        <marc:datafield tag="020" ind1=" " ind2=" ">
            <marc:subfield code="a">1599505622</marc:subfield>
        </marc:datafield>
        <marc:datafield tag="024" ind1="3" ind2=" ">
            <marc:subfield code="a">9781599505626</marc:subfield>
        </marc:datafield>
        <marc:datafield tag="024" ind1="1" ind2=" ">
            <marc:subfield code="a">882185007735</marc:subfield>
        </marc:datafield>
        <marc:datafield tag="035" ind1=" " ind2=" ">
            <marc:subfield code="a">(OCoLC)ocn298782550</marc:subfield>
        </marc:datafield>
        <marc:datafield tag="040" ind1=" " ind2=" ">
            <marc:subfield code="a">BTCTA</marc:subfield>
            <marc:subfield code="c">BTCTA</marc:subfield>
            <marc:subfield code="d">TEF</marc:subfield>
            <marc:subfield code="d">TEFMT</marc:subfield>
            <marc:subfield code="d">OCLCA</marc:subfield>
            <marc:subfield code="d">DLC</marc:subfield>
        </marc:datafield>
        <marc:datafield tag="042" ind1=" " ind2=" ">
            <marc:subfield code="a">lccopycat</marc:subfield>
        </marc:datafield>
        <marc:datafield tag="050" ind1="0" ind2="0">
            <marc:subfield code="a">RZA 7239</marc:subfield>
        </marc:datafield>
        <marc:datafield tag="100" ind1="1" ind2=" ">
            <marc:subfield code="a">Sanderson, Brandon</marc:subfield>
            <marc:subfield code="4">aut</marc:subfield>
            <marc:subfield code="1">http://viaf.org/viaf/50418535</marc:subfield>
        </marc:datafield>
        <marc:datafield tag="240" ind1="1" ind2="0">
            <marc:subfield code="a">Elantris</marc:subfield>
            <marc:subfield code="1">http://viaf.org/viaf/5023153063197219320007</marc:subfield>
        </marc:datafield>
        <marc:datafield tag="245" ind1="1" ind2="0">
            <marc:subfield code="a">Elantris :</marc:subfield>
            <marc:subfield code="n">part two</marc:subfield>
            <marc:subfield code="h">[Sound recording] /</marc:subfield>
            <marc:subfield code="c">Brandon Sanderson</marc:subfield>
        </marc:datafield>
        <marc:datafield tag="260" ind1=" " ind2=" ">
            <marc:subfield code="a">[Bethesda, MD?] :</marc:subfield>
            <marc:subfield code="b">Graphic Audio,</marc:subfield>
            <marc:subfield code="c">2009</marc:subfield>
        </marc:datafield>
        <marc:datafield tag="300" ind1=" " ind2=" ">
            <marc:subfield code="a">6 sound discs (ca. 7 hr.) :</marc:subfield>
            <marc:subfield code="b">digital ;</marc:subfield>
            <marc:subfield code="c">4 3/4 in.</marc:subfield>
        </marc:datafield>
        <marc:datafield tag="336" ind1=" " ind2=" ">
            <marc:subfield code="a">spoken word</marc:subfield>
            <marc:subfield code="b">spw</marc:subfield>
            <marc:subfield code="2">rdacontent</marc:subfield>
            <marc:subfield code="0">http://rdaregistry.info/termList/RDAContentType/1013</marc:subfield>
        </marc:datafield>
        <marc:datafield tag="337" ind1=" " ind2=" ">
            <marc:subfield code="a">audio</marc:subfield>
            <marc:subfield code="b">s</marc:subfield>
            <marc:subfield code="2">rdamedia</marc:subfield>
            <marc:subfield code="0">http://rdaregistry.info/termList/RDAMediaType/1001</marc:subfield>
        </marc:datafield>
        <marc:datafield tag="338" ind1=" " ind2=" ">
            <marc:subfield code="a">audio disc</marc:subfield>
            <marc:subfield code="b">sd</marc:subfield>
            <marc:subfield code="2">rdaarrier</marc:subfield>
            <marc:subfield code="0">http://rdaregistry.info/termList/RDACarrierType/1004</marc:subfield>
        </marc:datafield>
        <marc:datafield tag="380" ind1=" " ind2=" ">
            <marc:subfield code="a">Nonmusical sound</marc:subfield>
            <marc:subfield code="2">marcgt</marc:subfield>
        </marc:datafield>
        <marc:datafield tag="490" ind1="0" ind2="0">
            <marc:subfield code="a">Elantris ;</marc:subfield>
            <marc:subfield code="v">1</marc:subfield>
        </marc:datafield>
        <marc:datafield tag="511" ind1="0" ind2=" ">
            <marc:subfield code="a">Performed by James Konicek, Daniel Gavigan, Lily Beacon ... [et al.].</marc:subfield>
        </marc:datafield>
        <marc:datafield tag="508" ind1=" " ind2=" ">
            <marc:subfield code="a">Directed by Johann Dettweiler ; producers, Richard Rohan and Duane Beeman ; book adapted for GraphicAudio by Johann Dettweiler.</marc:subfield>
        </marc:datafield>
        <marc:datafield tag="500" ind1=" " ind2=" ">
            <marc:subfield code="a">Unabridged</marc:subfield>
        </marc:datafield>
        <marc:datafield tag="500" ind1=" " ind2=" ">
            <marc:subfield code="a">Compact discs</marc:subfield>
        </marc:datafield>
        <marc:datafield tag="500" ind1=" " ind2=" ">
            <marc:subfield code="a">In container (14 x 17 cm.).</marc:subfield>
        </marc:datafield>
        <marc:datafield tag="520" ind1=" " ind2=" ">
            <marc:subfield code="a">Much to the dismay of its immortal inhabitants and the many mortals who wished to enter its gates, the beautiful city of the gods, Elantris, fell ten years ago. Now, in the second installment of the Elantris trilogy, listeners experience the aftermath of the magical, glorious metropolis' demise.</marc:subfield>
        </marc:datafield>
        <marc:datafield tag="655" ind1=" " ind2=" ">
            <marc:subfield code="a">Fantasy</marc:subfield>
        </marc:datafield>
        <marc:datafield tag="655" ind1=" " ind2=" ">
            <marc:subfield code="a">High fantasy</marc:subfield>
        </marc:datafield>
        <marc:datafield tag="655" ind1=" " ind2=" ">
            <marc:subfield code="a">Lydbøker</marc:subfield>
        </marc:datafield>
        <marc:datafield tag="655" ind1=" " ind2=" ">
            <marc:subfield code="a">Ungdomsbøker</marc:subfield>
        </marc:datafield>
        <marc:datafield tag="700" ind1="1" ind2=" ">
            <marc:subfield code="a">Konicek, James</marc:subfield>
            <marc:subfield code="e">skuespiller</marc:subfield>
            <marc:subfield code="4">act</marc:subfield>
            <marc:subfield code="1">http://viaf.org/viaf/96750243</marc:subfield>
        </marc:datafield>
        <marc:datafield tag="700" ind1="1" ind2=" ">
            <marc:subfield code="a">Gavigan, Danny</marc:subfield>
            <marc:subfield code="e">skuespiller</marc:subfield>
            <marc:subfield code="4">act</marc:subfield>
            <marc:subfield code="1">http://viaf.org/viaf/220801700</marc:subfield>
        </marc:datafield>
        <marc:datafield tag="700" ind1="1" ind2=" ">
            <marc:subfield code="a">Beacon, Lilly</marc:subfield>
            <marc:subfield code="e">skuespiller</marc:subfield>
            <marc:subfield code="4">act</marc:subfield>
            <marc:subfield code="1">http://viaf.org/viaf/220973362</marc:subfield>
        </marc:datafield>
    </marc:record>