
    <marc:record>
        <marc:leader>01414cam a2200337 a 4500</marc:leader>
        <marc:controlfield tag="001">13410168</marc:controlfield>
        <marc:controlfield tag="005">20041229152921.0</marc:controlfield>
        <marc:controlfield tag="008">031120r20031990nyub          000 1 eng d</marc:controlfield>
        <marc:datafield tag="010" ind1=" " ind2=" ">
            <marc:subfield code="a">  2003277389</marc:subfield>
        </marc:datafield>
        <marc:datafield tag="040" ind1=" " ind2=" ">
            <marc:subfield code="a">CO2</marc:subfield>
            <marc:subfield code="c">CO2</marc:subfield>
            <marc:subfield code="d">TXA</marc:subfield>
            <marc:subfield code="d">DLC</marc:subfield>
        </marc:datafield>
        <marc:datafield tag="020" ind1=" " ind2=" ">
            <marc:subfield code="a">0345465547</marc:subfield>
        </marc:datafield>
        <marc:datafield tag="035" ind1=" " ind2=" ">
            <marc:subfield code="a">(OCoLC)ocm52909307</marc:subfield>
        </marc:datafield>
        <marc:datafield tag="042" ind1=" " ind2=" ">
            <marc:subfield code="a">lccopycat</marc:subfield>
        </marc:datafield>
        <marc:datafield tag="050" ind1="0" ind2="0">
            <marc:subfield code="a">PS3552.R6596</marc:subfield>
            <marc:subfield code="b">A6 2003</marc:subfield>
        </marc:datafield>
        <marc:datafield tag="100" ind1="1" ind2=" ">
            <marc:subfield code="a">Brooks, Terry</marc:subfield>
            <marc:subfield code="4">aut</marc:subfield>
            <marc:subfield code="1">http://viaf.org/viaf/73911214</marc:subfield>
        </marc:datafield>
        <marc:datafield tag="240" ind1="1" ind2="4">
            <marc:subfield code="a">The heritage of Shannara</marc:subfield>
            <marc:subfield code="1">http://viaf.org/viaf/186636993</marc:subfield>
        </marc:datafield>
        <marc:datafield tag="245" ind1="1" ind2="4">
            <marc:subfield code="a">The heritage of Shannara /</marc:subfield>
            <marc:subfield code="c">Terry Brooks</marc:subfield>
        </marc:datafield>
        <marc:datafield tag="250" ind1=" " ind2=" ">
            <marc:subfield code="a">1st ed.</marc:subfield>
        </marc:datafield>
        <marc:datafield tag="260" ind1=" " ind2=" ">
            <marc:subfield code="a">New York :</marc:subfield>
            <marc:subfield code="b">Ballantine Books,</marc:subfield>
            <marc:subfield code="c">2003</marc:subfield>
        </marc:datafield>
        <marc:datafield tag="300" ind1=" " ind2=" ">
            <marc:subfield code="a">1238 s. :</marc:subfield>
            <marc:subfield code="b">kart ;</marc:subfield>
            <marc:subfield code="c">25 cm</marc:subfield>
        </marc:datafield>
        <marc:datafield tag="336" ind1=" " ind2=" ">
            <marc:subfield code="a">text</marc:subfield>
            <marc:subfield code="b">txt</marc:subfield>
            <marc:subfield code="2">rdacontent</marc:subfield>
            <marc:subfield code="0">http://rdaregistry.info/termList/RDAContentType/1020</marc:subfield>
        </marc:datafield>
        <marc:datafield tag="337" ind1=" " ind2=" ">
            <marc:subfield code="a">unmediated</marc:subfield>
            <marc:subfield code="b">n</marc:subfield>
            <marc:subfield code="2">rdamedia</marc:subfield>
            <marc:subfield code="0">http://rdaregistry.info/termList/RDAMediaType/1007</marc:subfield>
        </marc:datafield>
        <marc:datafield tag="338" ind1=" " ind2=" ">
            <marc:subfield code="a">volume</marc:subfield>
            <marc:subfield code="b">nc</marc:subfield>
            <marc:subfield code="2">rdacarrier</marc:subfield>
            <marc:subfield code="0">http://rdaregistry.info/termList/RDACarrierType/1049</marc:subfield>
        </marc:datafield>
        <marc:datafield tag="380" ind1=" " ind2=" ">
            <marc:subfield code="a">Book</marc:subfield>
            <marc:subfield code="2">marcgt</marc:subfield>
        </marc:datafield>
        <marc:datafield tag="500" ind1="0" ind2="0">
            <marc:subfield code="a">The Scions of Shannara</marc:subfield>
        </marc:datafield>
        <marc:datafield tag="500" ind1="0" ind2="0">
            <marc:subfield code="a">The Druid of Shannara</marc:subfield>
        </marc:datafield>
        <marc:datafield tag="500" ind1="0" ind2="0">
            <marc:subfield code="a">The Elf Queen of Shannara</marc:subfield>
        </marc:datafield>
        <marc:datafield tag="500" ind1="0" ind2="0">
            <marc:subfield code="a">The Talismans of Shannara</marc:subfield>
        </marc:datafield>
        <marc:datafield tag="655" ind1=" " ind2=" ">
            <marc:subfield code="a">Fantasy</marc:subfield>
        </marc:datafield>
        <marc:datafield tag="655" ind1=" " ind2=" ">
            <marc:subfield code="a">High fantasy</marc:subfield>
        </marc:datafield>
        <marc:datafield tag="655" ind1=" " ind2=" ">
            <marc:subfield code="a">Romaner</marc:subfield>
        </marc:datafield>
        <marc:datafield tag="655" ind1=" " ind2=" ">
            <marc:subfield code="a">Ungdomsbøker</marc:subfield>
        </marc:datafield>
        <marc:datafield tag="700" ind1="1" ind2="2">
            <marc:subfield code="a">Brooks, Terry</marc:subfield>
            <marc:subfield code="e">forfatter</marc:subfield>
            <marc:subfield code="t">The scions of Shannara</marc:subfield>
            <marc:subfield code="4">aut</marc:subfield>
            <marc:subfield code="1">http://viaf.org/viaf/309348350</marc:subfield>
        </marc:datafield>
        <marc:datafield tag="700" ind1="1" ind2="2">
            <marc:subfield code="a">Brooks, Terry</marc:subfield>
            <marc:subfield code="e">forfatter</marc:subfield>
            <marc:subfield code="t">The druid of Shannara</marc:subfield>
            <marc:subfield code="4">aut</marc:subfield>
            <marc:subfield code="1">http://viaf.org/viaf/500145424607686830255</marc:subfield>
        </marc:datafield>
        <marc:datafield tag="700" ind1="1" ind2="2">
            <marc:subfield code="a">Brooks, Terry</marc:subfield>
            <marc:subfield code="e">forfatter</marc:subfield>
            <marc:subfield code="t">The elf queen of Shannara</marc:subfield>
            <marc:subfield code="4">aut</marc:subfield>
            <marc:subfield code="1">http://viaf.org/viaf/1446145424603286831028</marc:subfield>
        </marc:datafield>
        <marc:datafield tag="700" ind1="1" ind2="2">
            <marc:subfield code="a">Brooks, Terry</marc:subfield>
            <marc:subfield code="e">forfatter</marc:subfield>
            <marc:subfield code="t">The talismans of Shannara</marc:subfield>
            <marc:subfield code="4">aut</marc:subfield>
            <marc:subfield code="1">https://www.wikidata.org/wiki/Q3235695</marc:subfield>
        </marc:datafield>
        <marc:datafield tag="740" ind1=" " ind2="2">
            <marc:subfield code="a">The scions of Shannara</marc:subfield>
        </marc:datafield>
        <marc:datafield tag="740" ind1=" " ind2="2">
            <marc:subfield code="a">The druid of Shannara</marc:subfield>
        </marc:datafield>
        <marc:datafield tag="740" ind1=" " ind2="2">
            <marc:subfield code="a">The elf queen of Shannara</marc:subfield>
        </marc:datafield>
        <marc:datafield tag="740" ind1=" " ind2="2">
            <marc:subfield code="a">The talismans of Shannara</marc:subfield>
        </marc:datafield>
    </marc:record>