
    <marc:record>
        <marc:leader>01050cgm a22002893a 4500</marc:leader>
        <marc:controlfield tag="001">19107133</marc:controlfield>
        <marc:controlfield tag="005">20160524152455.0</marc:controlfield>
        <marc:controlfield tag="007">vffczaho|</marc:controlfield>
        <marc:controlfield tag="008">160524s2016    xxu060            mleng  </marc:controlfield>
        <marc:datafield tag="010" ind1=" " ind2=" ">
            <marc:subfield code="a">  2016604189</marc:subfield>
        </marc:datafield>
        <marc:datafield tag="017" ind1=" " ind2=" ">
            <marc:subfield code="a">PAu003791435</marc:subfield>
            <marc:subfield code="b">U.S. Copyright Office</marc:subfield>
        </marc:datafield>
        <marc:datafield tag="033" ind1="0" ind2="1">
            <marc:subfield code="a">20160301</marc:subfield>
        </marc:datafield>
        <marc:datafield tag="040" ind1=" " ind2=" ">
            <marc:subfield code="a">DLC</marc:subfield>
            <marc:subfield code="c">DLC</marc:subfield>
            <marc:subfield code="e">amim</marc:subfield>
        </marc:datafield>
        <marc:datafield tag="050" ind1="0" ind2="0">
            <marc:subfield code="a">VBY 2534 (viewing copy)</marc:subfield>
        </marc:datafield>
        <marc:datafield tag="245" ind1="0" ind2="4">
            <marc:subfield code="a">The Shannara Chronicles :</marc:subfield>
            <marc:subfield code="p">Ellcrys</marc:subfield>
        </marc:datafield>
        <marc:datafield tag="246" ind1="3" ind2="0">
            <marc:subfield code="a">Ellcrys</marc:subfield>
        </marc:datafield>
        <marc:datafield tag="257" ind1=" " ind2=" ">
            <marc:subfield code="a">United States.</marc:subfield>
        </marc:datafield>
        <marc:datafield tag="260" ind1=" " ind2=" ">
            <marc:subfield code="c">2016-03-01.</marc:subfield>
        </marc:datafield>
        <marc:datafield tag="300" ind1=" " ind2=" ">
            <marc:subfield code="3">viewing copy</marc:subfield>
            <marc:subfield code="a">1 videocassette of 1 (HDCAM) (60 min.) :</marc:subfield>
            <marc:subfield code="b">sd., kol. ;</marc:subfield>
            <marc:subfield code="c">1/2 in.</marc:subfield>
        </marc:datafield>
        <marc:datafield tag="336" ind1=" " ind2=" ">
            <marc:subfield code="a">two-dimensional moving image</marc:subfield>
            <marc:subfield code="b">tdi</marc:subfield>
            <marc:subfield code="2">rdacontent</marc:subfield>
            <marc:subfield code="0">http://rdaregistry.info/termList/RDAContentType/1023</marc:subfield>
        </marc:datafield>
        <marc:datafield tag="337" ind1=" " ind2=" ">
            <marc:subfield code="a">video</marc:subfield>
            <marc:subfield code="b">v</marc:subfield>
            <marc:subfield code="2">rdamedia</marc:subfield>
            <marc:subfield code="0">http://rdaregistry.info/termList/RDAMediaType/1008</marc:subfield>
        </marc:datafield>
        <marc:datafield tag="338" ind1=" " ind2=" ">
            <marc:subfield code="a">videocassette</marc:subfield>
            <marc:subfield code="b">vf</marc:subfield>
            <marc:subfield code="2">rdacarrier</marc:subfield>
            <marc:subfield code="0">http://rdaregistry.info/termList/RDACarrierType/1052</marc:subfield>
        </marc:datafield>
        <marc:datafield tag="380" ind1=" " ind2=" ">
            <marc:subfield code="a">Motion picture</marc:subfield>
            <marc:subfield code="2">marcgt</marc:subfield>
        </marc:datafield>
        <marc:datafield tag="500" ind1=" " ind2=" ">
            <marc:subfield code="a">Episode nr. 110.</marc:subfield>
        </marc:datafield>
        <marc:datafield tag="511" ind1="1" ind2=" ">
            <marc:subfield code="a">Austin Butler, Poppy Drayton, Ivana Baquero, Manu Bennett.</marc:subfield>
        </marc:datafield>
        <marc:datafield tag="655" ind1=" " ind2="7">
            <marc:subfield code="a">Fantasy</marc:subfield>
        </marc:datafield>
        <marc:datafield tag="655" ind1=" " ind2="7">
            <marc:subfield code="a">High fantasy</marc:subfield>
        </marc:datafield>
        <marc:datafield tag="655" ind1=" " ind2="7">
            <marc:subfield code="a">TV-serier</marc:subfield>
        </marc:datafield>
        <marc:datafield tag="700" ind1="1" ind2=" ">
            <marc:subfield code="a">Brooks, Terry</marc:subfield>
            <marc:subfield code="i">Adapted as television program work</marc:subfield>
            <marc:subfield code="t">The elfstones of Shannara</marc:subfield>
            <marc:subfield code="4">http://rdaregistry.info/Elements/w/televisionAdaptationOfWork.en</marc:subfield>
            <marc:subfield code="1">http://viaf.org/viaf/419145857872623020697</marc:subfield>
        </marc:datafield>
        <marc:datafield tag="700" ind1="1" ind2=" ">
            <marc:subfield code="a">Gough, Alfred</marc:subfield>
            <marc:subfield code="e">regissør</marc:subfield>
            <marc:subfield code="4">drt</marc:subfield>
            <marc:subfield code="1">http://viaf.org/viaf/15027292</marc:subfield>
        </marc:datafield>
        <marc:datafield tag="700" ind1="1" ind2=" ">
            <marc:subfield code="a">Millar, Miles</marc:subfield>
            <marc:subfield code="e">regissør</marc:subfield>
            <marc:subfield code="4">drt</marc:subfield>
            <marc:subfield code="1">http://viaf.org/viaf/46968571</marc:subfield>
        </marc:datafield>
        <marc:datafield tag="700" ind1="1" ind2=" ">
            <marc:subfield code="a">Drayton, Poppy</marc:subfield>
            <marc:subfield code="e">skuespiller</marc:subfield>
            <marc:subfield code="4">act</marc:subfield>
            <marc:subfield code="1">http://viaf.org/viaf/474147266857835481976</marc:subfield>
        </marc:datafield>
        <marc:datafield tag="700" ind1="1" ind2=" ">
            <marc:subfield code="a">Butler, Austin</marc:subfield>
            <marc:subfield code="e">skuespiller</marc:subfield>
            <marc:subfield code="4">act</marc:subfield>
            <marc:subfield code="1">http://viaf.org/viaf/107004719</marc:subfield>
        </marc:datafield>
        <marc:datafield tag="700" ind1="1" ind2=" ">
            <marc:subfield code="a">Baquero, Ivana</marc:subfield>
            <marc:subfield code="e">skuespiller</marc:subfield>
            <marc:subfield code="4">act</marc:subfield>
            <marc:subfield code="1">http://viaf.org/viaf/32313114</marc:subfield>
        </marc:datafield>
        <marc:datafield tag="700" ind1="1" ind2=" ">
            <marc:subfield code="a">Bennett, Manu</marc:subfield>
            <marc:subfield code="e">skuespiller</marc:subfield>
            <marc:subfield code="4">act</marc:subfield>
            <marc:subfield code="1">http://viaf.org/viaf/220455934</marc:subfield>
        </marc:datafield>
    </marc:record>