
    <marc:record>
        <marc:leader>01816cgm a22005177a 4500</marc:leader>
        <marc:controlfield tag="001">19464165</marc:controlfield>
        <marc:controlfield tag="003">LIBRIS</marc:controlfield>
        <marc:controlfield tag="005">20160615141026.0</marc:controlfield>
        <marc:controlfield tag="008">160517s2016    xx ||| |      |   ||eng c</marc:controlfield>
        <marc:datafield tag="024" ind1="3" ind2=" ">
            <marc:subfield code="a">7319980017902</marc:subfield>
        </marc:datafield>
        <marc:datafield tag="028" ind1="4" ind2="1">
            <marc:subfield code="a">1790</marc:subfield>
        </marc:datafield>
        <marc:datafield tag="035" ind1=" " ind2=" ">
            <marc:subfield code="a">BTJ281338</marc:subfield>
        </marc:datafield>
        <marc:datafield tag="040" ind1=" " ind2=" ">
            <marc:subfield code="a">Gbg</marc:subfield>
        </marc:datafield>
        <marc:datafield tag="041" ind1=" " ind2=" ">
            <marc:subfield code="a">eng</marc:subfield>
            <marc:subfield code="j">swe</marc:subfield>
        </marc:datafield>
        <marc:datafield tag="084" ind1=" " ind2=" ">
            <marc:subfield code="a">He.025/VC</marc:subfield>
            <marc:subfield code="2">kssb/8</marc:subfield>
        </marc:datafield>
        <marc:datafield tag="245" ind1="1" ind2="4">
            <marc:subfield code="a">The Shannara Chronicles </marc:subfield>
            <marc:subfield code="h">[Videoupptagning]</marc:subfield>
            <marc:subfield code="n">Säsong 1 /</marc:subfield>
            <marc:subfield code="c">Creators:  Alfred Gough, Miles Millar</marc:subfield>
        </marc:datafield>
        <marc:datafield tag="260" ind1=" " ind2=" ">
            <marc:subfield code="b">Atlantic Film,</marc:subfield>
            <marc:subfield code="c">2016</marc:subfield>
        </marc:datafield>
        <marc:datafield tag="300" ind1=" " ind2=" ">
            <marc:subfield code="a">3 DVD-Video</marc:subfield>
            <marc:subfield code="a">(6 t. 29 min):</marc:subfield>
        </marc:datafield>
        <marc:datafield tag="336" ind1=" " ind2=" ">
            <marc:subfield code="a">two-dimensional moving image</marc:subfield>
            <marc:subfield code="b">tdi</marc:subfield>
            <marc:subfield code="2">rdacontent</marc:subfield>
            <marc:subfield code="0">http://rdaregistry.info/termList/RDAContentType/1023</marc:subfield>
        </marc:datafield>
        <marc:datafield tag="337" ind1=" " ind2=" ">
            <marc:subfield code="a">video</marc:subfield>
            <marc:subfield code="b">v</marc:subfield>
            <marc:subfield code="2">rdamedia</marc:subfield>
            <marc:subfield code="0">http://rdaregistry.info/termList/RDAMediaType/1008</marc:subfield>
        </marc:datafield>
        <marc:datafield tag="338" ind1=" " ind2=" ">
            <marc:subfield code="a">videodisc</marc:subfield>
            <marc:subfield code="b">vd</marc:subfield>
            <marc:subfield code="2">rdacarrier</marc:subfield>
            <marc:subfield code="0">http://rdaregistry.info/termList/RDACarrierType/1060</marc:subfield>
        </marc:datafield>
        <marc:datafield tag="380" ind1=" " ind2=" ">
            <marc:subfield code="a">Motion picture</marc:subfield>
            <marc:subfield code="2">marcgt</marc:subfield>
        </marc:datafield>
        <marc:datafield tag="500" ind1=" " ind2=" ">
            <marc:subfield code="a">Basert på bøkene om Shannara av Terry Brooks</marc:subfield>
        </marc:datafield>
        <marc:datafield tag="511" ind1="1" ind2=" ">
            <marc:subfield code="a">Skådespelare: Austin Butler, Ivana Baquero, Poppy Drayton, Manu Bennett</marc:subfield>
        </marc:datafield>
        <marc:datafield tag="546" ind1=" " ind2=" ">
            <marc:subfield code="a">Tal på engelska. Textad på svenska.</marc:subfield>
        </marc:datafield>
        <marc:datafield tag="655" ind1=" " ind2=" ">
            <marc:subfield code="a">Fantasy</marc:subfield>
        </marc:datafield>
        <marc:datafield tag="655" ind1=" " ind2=" ">
            <marc:subfield code="a">High fantasy</marc:subfield>
        </marc:datafield>
        <marc:datafield tag="655" ind1=" " ind2=" ">
            <marc:subfield code="a">TV-serier</marc:subfield>
        </marc:datafield>
        <marc:datafield tag="700" ind1="1" ind2=" ">
            <marc:subfield code="a">Brooks, Terry</marc:subfield>
            <marc:subfield code="i">Adapted as television program work</marc:subfield>
            <marc:subfield code="t">The elfstones of Shannara</marc:subfield>
            <marc:subfield code="4">http://rdaregistry.info/Elements/w/televisionAdaptationOfWork.en</marc:subfield>
            <marc:subfield code="1">http://viaf.org/viaf/419145857872623020697</marc:subfield>
        </marc:datafield>
        <marc:datafield tag="700" ind1="1" ind2=" ">
            <marc:subfield code="a">Gough, Alfred</marc:subfield>
            <marc:subfield code="e">regissør</marc:subfield>
            <marc:subfield code="4">drt</marc:subfield>
            <marc:subfield code="1">http://viaf.org/viaf/15027292</marc:subfield>
        </marc:datafield>
        <marc:datafield tag="700" ind1="1" ind2=" ">
            <marc:subfield code="a">Millar, Miles</marc:subfield>
            <marc:subfield code="e">regissør</marc:subfield>
            <marc:subfield code="4">drt</marc:subfield>
            <marc:subfield code="1">http://viaf.org/viaf/46968571</marc:subfield>
        </marc:datafield>
        <marc:datafield tag="700" ind1="1" ind2=" ">
            <marc:subfield code="a">Drayton, Poppy</marc:subfield>
            <marc:subfield code="e">skuespiller</marc:subfield>
            <marc:subfield code="4">act</marc:subfield>
            <marc:subfield code="1">http://viaf.org/viaf/474147266857835481976</marc:subfield>
        </marc:datafield>
        <marc:datafield tag="700" ind1="1" ind2=" ">
            <marc:subfield code="a">Butler, Austin</marc:subfield>
            <marc:subfield code="e">skuespiller</marc:subfield>
            <marc:subfield code="4">act</marc:subfield>
            <marc:subfield code="1">http://viaf.org/viaf/107004719</marc:subfield>
        </marc:datafield>
        <marc:datafield tag="700" ind1="1" ind2=" ">
            <marc:subfield code="a">Baquero, Ivana</marc:subfield>
            <marc:subfield code="e">skuespiller</marc:subfield>
            <marc:subfield code="4">act</marc:subfield>
            <marc:subfield code="1">http://viaf.org/viaf/32313114</marc:subfield>
        </marc:datafield>
        <marc:datafield tag="700" ind1="1" ind2=" ">
            <marc:subfield code="a">Bennett, Manu</marc:subfield>
            <marc:subfield code="e">skuespiller</marc:subfield>
            <marc:subfield code="4">act</marc:subfield>
            <marc:subfield code="1">http://viaf.org/viaf/220455934</marc:subfield>
        </marc:datafield>
    </marc:record>