
    <marc:record>
        <marc:leader>02184cmm a22005057a 4500</marc:leader>
        <marc:controlfield tag="001">18617258</marc:controlfield>
        <marc:controlfield tag="003">LIBRIS</marc:controlfield>
        <marc:controlfield tag="005">20170301203741.0</marc:controlfield>
        <marc:controlfield tag="006">a|||||||||||||||||</marc:controlfield>
        <marc:controlfield tag="006">i|||||||||||||||||</marc:controlfield>
        <marc:controlfield tag="007">co||||||||||||</marc:controlfield>
        <marc:controlfield tag="008">151105s2015    sw     eq  m |      eng c</marc:controlfield>
        <marc:datafield tag="024" ind1="7" ind2=" ">
            <marc:subfield code="a">CA23751</marc:subfield>
            <marc:subfield code="2">MTM medienummer</marc:subfield>
        </marc:datafield>
        <marc:datafield tag="035" ind1=" " ind2=" ">
            <marc:subfield code="a">(MTM)CA23751</marc:subfield>
        </marc:datafield>
        <marc:datafield tag="035" ind1=" " ind2=" ">
            <marc:subfield code="5">Mtm</marc:subfield>
            <marc:subfield code="a">(MTM)CA23751</marc:subfield>
        </marc:datafield>
        <marc:datafield tag="040" ind1=" " ind2=" ">
            <marc:subfield code="a">Mtm</marc:subfield>
        </marc:datafield>
        <marc:datafield tag="041" ind1="0" ind2=" ">
            <marc:subfield code="a">eng</marc:subfield>
        </marc:datafield>
        <marc:datafield tag="042" ind1=" " ind2=" ">
            <marc:subfield code="9">Mtm</marc:subfield>
        </marc:datafield>
        <marc:datafield tag="046" ind1=" " ind2=" ">
            <marc:subfield code="a">m</marc:subfield>
            <marc:subfield code="m">20151106</marc:subfield>
            <marc:subfield code="n">20160105</marc:subfield>
        </marc:datafield>
        <marc:datafield tag="082" ind1="0" ind2="4">
            <marc:subfield code="a">823</marc:subfield>
            <marc:subfield code="2">22 (machine generated)</marc:subfield>
        </marc:datafield>
        <marc:datafield tag="084" ind1=" " ind2=" ">
            <marc:subfield code="a">He.01/TD</marc:subfield>
            <marc:subfield code="2">kssb/8</marc:subfield>
        </marc:datafield>
        <marc:datafield tag="100" ind1="1" ind2=" ">
            <marc:subfield code="a">Rothfuss, Patrick</marc:subfield>
            <marc:subfield code="1">http://viaf.org/viaf/85887056</marc:subfield>
            <marc:subfield code="4">aut</marc:subfield>
        </marc:datafield>
        <marc:datafield tag="240" ind1=" " ind2=" ">
            <marc:subfield code="a">Slow regard of silent things</marc:subfield>
            <marc:subfield code="l">engelsk</marc:subfield>
            <marc:subfield code="1">http://viaf.org/viaf/6508152502979610800006</marc:subfield>
        </marc:datafield>
        <marc:datafield tag="245" ind1="1" ind2="4">
            <marc:subfield code="a">The slow regard of silent things</marc:subfield>
            <marc:subfield code="h">Elektronisk resurs</marc:subfield>
            <marc:subfield code="c">Patrick Rothfuss ; illustrations by Nate Taylor</marc:subfield>
        </marc:datafield>
        <marc:datafield tag="256" ind1=" " ind2=" ">
            <marc:subfield code="a">Tekst og lyd</marc:subfield>
        </marc:datafield>
        <marc:datafield tag="260" ind1=" " ind2=" ">
            <marc:subfield code="a">Johanneshov :</marc:subfield>
            <marc:subfield code="b">MTM,</marc:subfield>
            <marc:subfield code="c">2015</marc:subfield>
        </marc:datafield>
        <marc:datafield tag="300" ind1=" " ind2=" ">
            <marc:subfield code="a">1 CD-R</marc:subfield>
        </marc:datafield>
        <marc:datafield tag="336" ind1=" " ind2=" ">
            <marc:subfield code="a">spoken word</marc:subfield>
            <marc:subfield code="b">spw</marc:subfield>
            <marc:subfield code="2">rdacontent</marc:subfield>
            <marc:subfield code="0">http://rdaregistry.info/termList/RDAContentType/1013</marc:subfield>
        </marc:datafield>
        <marc:datafield tag="337" ind1=" " ind2=" ">
            <marc:subfield code="a">audio</marc:subfield>
            <marc:subfield code="b">s</marc:subfield>
            <marc:subfield code="2">rdamedia</marc:subfield>
            <marc:subfield code="0">http://rdaregistry.info/termList/RDAMediaType/1001</marc:subfield>
        </marc:datafield>
        <marc:datafield tag="338" ind1=" " ind2=" ">
            <marc:subfield code="a">audio disc</marc:subfield>
            <marc:subfield code="b">sd</marc:subfield>
            <marc:subfield code="2">rdacarrier</marc:subfield>
            <marc:subfield code="0">http://rdaregistry.info/termList/RDACarrierType/1004</marc:subfield>
        </marc:datafield>
        <marc:datafield tag="380" ind1=" " ind2=" ">
            <marc:subfield code="a">Nonmusical sound</marc:subfield>
            <marc:subfield code="2">marcgt</marc:subfield>
        </marc:datafield>
        <marc:datafield tag="500" ind1=" " ind2=" ">
            <marc:subfield code="a">Digital talbok (DAISY 2.02), tekst og lyd</marc:subfield>
        </marc:datafield>
        <marc:datafield tag="500" ind1=" " ind2=" ">
            <marc:subfield code="a">Speltid: 3 tim., 41 min.; 159 s. : ill.</marc:subfield>
        </marc:datafield>
        <marc:datafield tag="500" ind1=" " ind2=" ">
            <marc:subfield code="a">Inläst ur: [Ny utg.]. London : Gollancz, 2015. ISBN 978-1-4732-0932-9, 1-4732-0932-3 (genererat)</marc:subfield>
        </marc:datafield>
        <marc:datafield tag="500" ind1=" " ind2=" ">
            <marc:subfield code="a">Boken inngår i serien: The kingkiller chronicle</marc:subfield>
        </marc:datafield>
        <marc:datafield tag="506" ind1="1" ind2=" ">
            <marc:subfield code="a">Tillgänglig för personer med läsnedsättning enligt § 17 </marc:subfield>
            <marc:subfield code="u">http://www.mtm.se/om-oss/uppdrag-och-lagar/upphovsrattslagen/</marc:subfield>
        </marc:datafield>
        <marc:datafield tag="520" ind1=" " ind2=" ">
            <marc:subfield code="a">I denna kortroman följer vi Auri, en av personerna i The Kingkiller Chronicle, under en vecka i hennes liv. Auri lever nere i de labyrintiska gångarna djupt under Universitetet, där visa lärde söker uppenbara esoteriska sanningar. Hon vandrar, söker, ordnar - och väntar på någon som ska komma</marc:subfield>
        </marc:datafield>
        <marc:datafield tag="538" ind1=" " ind2=" ">
            <marc:subfield code="a">Filstorlek: 78 MB</marc:subfield>
        </marc:datafield>
        <marc:datafield tag="599" ind1=" " ind2=" ">
            <marc:subfield code="a">MTM MarcRecordId: 216009</marc:subfield>
        </marc:datafield>
        <marc:datafield tag="655" ind1=" " ind2=" ">
            <marc:subfield code="a">High fantasy</marc:subfield>
        </marc:datafield>
        <marc:datafield tag="655" ind1=" " ind2="4">
            <marc:subfield code="a">DAISY tekst og lyd</marc:subfield>
        </marc:datafield>
        <marc:datafield tag="700" ind1="1" ind2=" ">
            <marc:subfield code="a">Krauze, Kola</marc:subfield>
            <marc:subfield code="e">forteller</marc:subfield>
            <marc:subfield code="4">nrt</marc:subfield>
        </marc:datafield>
        <marc:datafield tag="700" ind1=" " ind2=" ">
            <marc:subfield code="a">Taylor, Nate</marc:subfield>
            <marc:subfield code="e">illustratør</marc:subfield>
            <marc:subfield code="4">ill</marc:subfield>
            <marc:subfield code="1">http://viaf.org/viaf/171061823</marc:subfield>
        </marc:datafield>
        <marc:datafield tag="740" ind1="4" ind2=" ">
            <marc:subfield code="a">The kingkiller chronicle</marc:subfield>
        </marc:datafield>
        <marc:datafield tag="776" ind1="0" ind2="8">
            <marc:subfield code="i">innlest ut av</marc:subfield>
            <marc:subfield code="t">The slow regard of silent things</marc:subfield>
            <marc:subfield code="z">9781473209329</marc:subfield>
        </marc:datafield>
    </marc:record>