
    <marc:record>
        <marc:leader>05010cam a2200493 i 4500</marc:leader>
        <marc:controlfield tag="001">18660489</marc:controlfield>
        <marc:controlfield tag="005">20180725101722.0</marc:controlfield>
        <marc:controlfield tag="008">150616s2015    cau      b    001 0 eng d</marc:controlfield>
        <marc:datafield tag="010" ind1=" " ind2=" ">
            <marc:subfield code="a">  2015909682</marc:subfield>
        </marc:datafield>
        <marc:datafield tag="020" ind1=" " ind2=" ">
            <marc:subfield code="a">9781887726030 (pbk.)</marc:subfield>
        </marc:datafield>
        <marc:datafield tag="020" ind1=" " ind2=" ">
            <marc:subfield code="a">1887726039 (pbk.)</marc:subfield>
        </marc:datafield>
        <marc:datafield tag="035" ind1=" " ind2=" ">
            <marc:subfield code="a">(OCoLC)ocn919098451</marc:subfield>
        </marc:datafield>
        <marc:datafield tag="040" ind1=" " ind2=" ">
            <marc:subfield code="a">UNL</marc:subfield>
            <marc:subfield code="b">eng</marc:subfield>
            <marc:subfield code="c">UNL</marc:subfield>
            <marc:subfield code="e">rda</marc:subfield>
            <marc:subfield code="d">OCLCO</marc:subfield>
            <marc:subfield code="d">CBY</marc:subfield>
            <marc:subfield code="d">UAB</marc:subfield>
            <marc:subfield code="d">EYM</marc:subfield>
            <marc:subfield code="d">UAB</marc:subfield>
            <marc:subfield code="d">OCLCF</marc:subfield>
            <marc:subfield code="d">OCLCO</marc:subfield>
            <marc:subfield code="d">DLC</marc:subfield>
        </marc:datafield>
        <marc:datafield tag="042" ind1=" " ind2=" ">
            <marc:subfield code="a">lccopycat</marc:subfield>
        </marc:datafield>
        <marc:datafield tag="043" ind1=" " ind2=" ">
            <marc:subfield code="a">e-uk---</marc:subfield>
        </marc:datafield>
        <marc:datafield tag="050" ind1="0" ind2="0">
            <marc:subfield code="a">PR478.W65</marc:subfield>
            <marc:subfield code="b">B37 2015</marc:subfield>
        </marc:datafield>
        <marc:datafield tag="082" ind1="0" ind2="4">
            <marc:subfield code="a">820.9/358</marc:subfield>
            <marc:subfield code="2">23</marc:subfield>
        </marc:datafield>
        <marc:datafield tag="245" ind1="0" ind2="0">
            <marc:subfield code="a">Baptism of fire</marc:subfield>
            <marc:subfield code="b">the birth of the modern British fantastic in World War I</marc:subfield>
            <marc:subfield code="c">edited by Janet Brennan Croft</marc:subfield>
        </marc:datafield>
        <marc:datafield tag="260" ind1=" " ind2="1">
            <marc:subfield code="a">Altadena, CA :</marc:subfield>
            <marc:subfield code="b">Mythopoeic Press,</marc:subfield>
            <marc:subfield code="c">2015.</marc:subfield>
        </marc:datafield>
        <marc:datafield tag="300" ind1=" " ind2=" ">
            <marc:subfield code="a">326 pages ;</marc:subfield>
            <marc:subfield code="c">23 cm</marc:subfield>
        </marc:datafield>
        <marc:datafield tag="336" ind1=" " ind2=" ">
            <marc:subfield code="a">text</marc:subfield>
            <marc:subfield code="b">txt</marc:subfield>
            <marc:subfield code="2">rdacontent</marc:subfield>
            <marc:subfield code="0">http://rdaregistry.info/termList/RDAContentType/1020</marc:subfield>
        </marc:datafield>
        <marc:datafield tag="337" ind1=" " ind2=" ">
            <marc:subfield code="a">unmediated</marc:subfield>
            <marc:subfield code="b">n</marc:subfield>
            <marc:subfield code="2">rdamedia</marc:subfield>
            <marc:subfield code="0">http://rdaregistry.info/termList/RDAMediaType/1007</marc:subfield>
        </marc:datafield>
        <marc:datafield tag="338" ind1=" " ind2=" ">
            <marc:subfield code="a">volume</marc:subfield>
            <marc:subfield code="b">nc</marc:subfield>
            <marc:subfield code="2">rdacarrier</marc:subfield>
            <marc:subfield code="0">http://rdaregistry.info/termList/RDACarrierType/1049</marc:subfield>
        </marc:datafield>
        <marc:datafield tag="380" ind1=" " ind2=" ">
            <marc:subfield code="a">Book</marc:subfield>
            <marc:subfield code="2">marcgt</marc:subfield>
        </marc:datafield>
        <marc:datafield tag="504" ind1=" " ind2=" ">
            <marc:subfield code="a">Includes bibliographic references and index.</marc:subfield>
        </marc:datafield>
        <marc:datafield tag="505" ind1="0" ind2=" ">
            <marc:subfield code="a">Introduction, "The purest response of fantastika to the world storm" / Janet Brennan Croft. Section 1 The inklings: The shell-chocked Hobbit, the First World War and Tolkien's trauma of the ring / Michael Livingston -- Faramir and the heroic ideal of the twentieth century, or how Aragorn died at the Somme / S. Brett Carter -- Wounded by war, men's bodies in the prose tradition of The Children of Húrin / Margaret Sinex -- Sméagol and Déagol, secrecy, history, and ethical subjectivity in Tolkien's world / E.J. Christie -- The preservation of national unity by [dis]remembering the past in Tolkien's The Hobbit and The Lord of the Rings / Nora Alfaiz -- "Now often forgotten," Gollum, the Great War, and the last alliance / Peter Grybauskas -- Beyond the circles of this world, the Great War, time, history, and eternity in the fantasy of J.R.R. Tolkien and C.S. Lewis / Shandi Stevenson -- Silent wounds / Andrew Krokstrom -- The Great War and Narnia, C.S. Lewis as soldier and creator / Brian Melton -- Horses, horoscopes, and human consciousness, Owen Barfield on making meaning in his post-WWI writings / Tiffany Brooke Martin. Section 2 Outside the inklings: The door we never opened, British alternative history writing in the aftermath of World War I / Nick Milne -- "A deplorable misfit," the symbolism of desire in G.K. Chesterton's The Crimes of England / Philip Irving Mitchell -- Lord Dunsany and the Great War, Don Rodriguez and the rebirth of romance / David J. Carlson -- From Lolly Willowes to Kingdoms of Elfin, the poetics of socio-political commentary in Sylvia Townsend Warner's fantasy narratives / Meyrav Koren-Kuik -- The conqueror Worm, Eddison, modernism, and the war to end all wars / Jon Garrad -- E.R. Eddison and the age of catastrophe / Joe Young -- T.H. White and the lasting influence of World War I, King Arthur at war / Ashley Pfeiffer -- Contributors -- Index.</marc:subfield>
        </marc:datafield>
        <marc:datafield tag="520" ind1=" " ind2=" ">
            <marc:subfield code="a">"World War I has been called "the poets' war," as it was characterized by a massive outpouring of works of literature during and after the war. Much of this literary harvest, as Paul Fussell brilliantly demonstrated in The Great War and Modern Memory, hinged on an ironic response to the deadly absurdities of World War I. Yet, Fussell also acknowledges that fantasy could be a legitimate literary response to the war, a way of transforming the horrible experiences of the war into something more bearable, applicable, and relevant; into myth and "Escape" in the sense that Tolkien used the term in "On Fairy-stories." This present volume sprang from a desire to examine selected examples of the fantastic response to World War I among British authors. The contents comprise a mix of five classic articles from the pages of Mythlore and twelve new essays. The first half of the book considers the Inklings, the Oxford literary group centered on J. R. R. Tolkien and C. S. Lewis, while the second half deals with other authors"--Back cover.</marc:subfield>
        </marc:datafield>
        <marc:datafield tag="650" ind1=" " ind2="4">
            <marc:subfield code="a">Første Verdenskrig, 1914-1918</marc:subfield>
            <marc:subfield code="z">Storbritannia</marc:subfield>
            <marc:subfield code="x">Litteratur og krigen</marc:subfield>
        </marc:datafield>
        <marc:datafield tag="650" ind1=" " ind2="4">
            <marc:subfield code="a">Engelsk skjønnlitteratur</marc:subfield>
            <marc:subfield code="y">Det 20. århundre</marc:subfield>
            <marc:subfield code="x">Historie og kritikk</marc:subfield>
        </marc:datafield>
        <marc:datafield tag="650" ind1=" " ind2="4">
            <marc:subfield code="a">Litteratur og historie</marc:subfield>
            <marc:subfield code="z">Storbritannia</marc:subfield>
            <marc:subfield code="x">Historie</marc:subfield>
            <marc:subfield code="y">Det 20. århundre</marc:subfield>
        </marc:datafield>
        <marc:datafield tag="655" ind1=" " ind2="4">
            <marc:subfield code="a">Fantasy</marc:subfield>
        </marc:datafield>
        <marc:datafield tag="650" ind1=" " ind2="4">
            <marc:subfield code="a">Litteratur og historie</marc:subfield>
        </marc:datafield>
        <marc:datafield tag="650" ind1=" " ind2="4">
            <marc:subfield code="a">Krig og litteratur</marc:subfield>
        </marc:datafield>
        <marc:datafield tag="650" ind1=" " ind2="4">
            <marc:subfield code="a">Krig i litteratur</marc:subfield>
        </marc:datafield>
        <marc:datafield tag="651" ind1=" " ind2="7">
            <marc:subfield code="a">Storbritannia</marc:subfield>
        </marc:datafield>
        <marc:datafield tag="655" ind1=" " ind2="4">
            <marc:subfield code="a">Kritikk, tolkning, etc</marc:subfield>
        </marc:datafield>
        <marc:datafield tag="655" ind1=" " ind2="4">
            <marc:subfield code="a">Historie</marc:subfield>
        </marc:datafield>
        <marc:datafield tag="700" ind1="1" ind2=" ">
            <marc:subfield code="a">Croft, Janet Brennan</marc:subfield>
            <marc:subfield code="e">redaktør</marc:subfield>
            <marc:subfield code="4">edt</marc:subfield>
            <marc:subfield code="1">http://viaf.org/viaf/39623632</marc:subfield>
        </marc:datafield>
    </marc:record>