
    <marc:record>
        <marc:leader>03035cam a2200337 i 4500</marc:leader>
        <marc:controlfield tag="001">17898779</marc:controlfield>
        <marc:controlfield tag="005">20140606123622.0</marc:controlfield>
        <marc:controlfield tag="008">130925s2014    ncu      b    001 0 eng  </marc:controlfield>
        <marc:datafield tag="010" ind1=" " ind2=" ">
            <marc:subfield code="a">  2013038906</marc:subfield>
        </marc:datafield>
        <marc:datafield tag="020" ind1=" " ind2=" ">
            <marc:subfield code="a">9780786474189 (softcover : alk. paper)</marc:subfield>
        </marc:datafield>
        <marc:datafield tag="040" ind1=" " ind2=" ">
            <marc:subfield code="a">DLC</marc:subfield>
            <marc:subfield code="b">eng</marc:subfield>
            <marc:subfield code="c">DLC</marc:subfield>
            <marc:subfield code="e">rda</marc:subfield>
            <marc:subfield code="d">DLC</marc:subfield>
        </marc:datafield>
        <marc:datafield tag="042" ind1=" " ind2=" ">
            <marc:subfield code="a">pcc</marc:subfield>
        </marc:datafield>
        <marc:datafield tag="050" ind1="0" ind2="0">
            <marc:subfield code="a">HM646</marc:subfield>
            <marc:subfield code="b">.F34 2014</marc:subfield>
        </marc:datafield>
        <marc:datafield tag="082" ind1="0" ind2="0">
            <marc:subfield code="a">306/.1</marc:subfield>
            <marc:subfield code="2">23</marc:subfield>
        </marc:datafield>
        <marc:datafield tag="245" ind1="0" ind2="0">
            <marc:subfield code="a">Fan CULTure</marc:subfield>
            <marc:subfield code="b">essays on participatory fandom in the 21st century</marc:subfield>
            <marc:subfield code="c">edited by Kristin M. Barton and Jonathan Malcolm Lampley ; foreword by Stephen J. Sansweet</marc:subfield>
        </marc:datafield>
        <marc:datafield tag="260" ind1=" " ind2="1">
            <marc:subfield code="a">Jefferson, North Carolina,</marc:subfield>
            <marc:subfield code="a">London :</marc:subfield>
            <marc:subfield code="b">McFarland &amp; Company, Inc., Publishers,</marc:subfield>
            <marc:subfield code="c">[2014]</marc:subfield>
        </marc:datafield>
        <marc:datafield tag="300" ind1=" " ind2=" ">
            <marc:subfield code="a">viii, 203 pages ;</marc:subfield>
            <marc:subfield code="c">23 cm</marc:subfield>
        </marc:datafield>
        <marc:datafield tag="336" ind1=" " ind2=" ">
            <marc:subfield code="a">text</marc:subfield>
            <marc:subfield code="b">txt</marc:subfield>
            <marc:subfield code="2">rdacontent</marc:subfield>
            <marc:subfield code="0">http://rdaregistry.info/termList/RDAContentType/1020</marc:subfield>
        </marc:datafield>
        <marc:datafield tag="337" ind1=" " ind2=" ">
            <marc:subfield code="a">unmediated</marc:subfield>
            <marc:subfield code="b">n</marc:subfield>
            <marc:subfield code="2">rdamedia</marc:subfield>
            <marc:subfield code="0">http://rdaregistry.info/termList/RDAMediaType/1007</marc:subfield>
        </marc:datafield>
        <marc:datafield tag="338" ind1=" " ind2=" ">
            <marc:subfield code="a">volume</marc:subfield>
            <marc:subfield code="b">nc</marc:subfield>
            <marc:subfield code="2">rdacarrier</marc:subfield>
            <marc:subfield code="0">http://rdaregistry.info/termList/RDACarrierType/1049</marc:subfield>
        </marc:datafield>
        <marc:datafield tag="380" ind1=" " ind2=" ">
            <marc:subfield code="a">Book</marc:subfield>
            <marc:subfield code="2">marcgt</marc:subfield>
        </marc:datafield>
        <marc:datafield tag="520" ind1=" " ind2=" ">
            <marc:subfield code="a">"Fan CULTure explores how present-day fans interact with the films, television shows, books, and pop culture artifacts they love. From creating original works of fanfiction to influencing the content of major primetime series through social media, fans are no longer passive consumers. They have evolved into active participants in creating and shaping these works"--</marc:subfield>
            <marc:subfield code="c">Provided by publisher.</marc:subfield>
        </marc:datafield>
        <marc:datafield tag="504" ind1=" " ind2=" ">
            <marc:subfield code="a">Includes bibliographical references and index.</marc:subfield>
        </marc:datafield>
        <marc:datafield tag="505" ind1="0" ind2=" ">
            <marc:subfield code="a">Fan productions. Can't stop the sequel: how the serenity-inspired  Browncoats: redemption is changing the future of fan films / Kristin M. Barton -- Dark shadows fandom, then and now (1966-2013) / Jeff Thompson -- Spellbound: an analysis of adult-oriented Harry Potter fanfiction / Don Tresca -- Recut film trailers, nostalgia and the teen film / Kathleen Williams -- Social media. Bringing piety back: Tim Tebow, sports and American culture / Susan Orenstein -- Fan-made time: The lord of the rings and The hobbit / Owain Gwynne -- The fandom is out there: social media and the X-files online / Bethan Jones -- Alternate reality games, narrative disbursement, and canon: The lost experience / Kent Aardse -- Fan-influenced content. Block party: a look at adult fans of Lego / Jennifer C. Garlen -- A new kind of pandering: supernatural and the world of fanfiction / Anissa M. Graham -- Desiring the tangible: Disneyland, fandom and spatial immersion / Meyrav Koren-Kuik -- Chuck versus the advertiser: how fan activism and footlong Subway sandwiches saved a television series / Kristin M. Barton -- "Guys, where are we?" podcasts, online video, and Lost's participatory culture / Michael Graves -- Afterword: the past and future of fandom studies / Jonathan Malcolm Lampley.</marc:subfield>
        </marc:datafield>
        <marc:datafield tag="650" ind1=" " ind2="4">
            <marc:subfield code="a">Subkultur</marc:subfield>
        </marc:datafield>
        <marc:datafield tag="650" ind1=" " ind2="4">
            <marc:subfield code="a">Fans (Personer)</marc:subfield>
        </marc:datafield>
        <marc:datafield tag="650" ind1=" " ind2="4">
            <marc:subfield code="a">Massemedia</marc:subfield>
            <marc:subfield code="x">Sosiale aspekter</marc:subfield>
        </marc:datafield>
        <marc:datafield tag="700" ind1="1" ind2=" ">
            <marc:subfield code="a">Barton, Kristin Michael</marc:subfield>
            <marc:subfield code="d">1977-</marc:subfield>
            <marc:subfield code="e">redaktør av samlingen</marc:subfield>
            <marc:subfield code="4">edc</marc:subfield>
            <marc:subfield code="1">http://viaf.org/viaf/24382875</marc:subfield>
        </marc:datafield>
        <marc:datafield tag="700" ind1="1" ind2=" ">
            <marc:subfield code="a">Lampley, Jonathan Malcolm</marc:subfield>
            <marc:subfield code="d">1967-</marc:subfield>
            <marc:subfield code="e">redaktør av samlingen</marc:subfield>
            <marc:subfield code="4">edc</marc:subfield>
            <marc:subfield code="1">http://viaf.org/viaf/166110289</marc:subfield>
        </marc:datafield>
        <marc:datafield tag="700" ind1=" " ind2=" ">
            <marc:subfield code="a">Sansweet, Stephen J.</marc:subfield>
            <marc:subfield code="e">forfatter av forordet</marc:subfield>
            <marc:subfield code="4">aui</marc:subfield>
            <marc:subfield code="1">http://viaf.org/viaf/117428423</marc:subfield>
        </marc:datafield>
    </marc:record>