
    <marc:record>
        <marc:leader>03188cam a2200421 i 4500</marc:leader>
        <marc:controlfield tag="001">17997270</marc:controlfield>
        <marc:controlfield tag="005">20180821110612.0</marc:controlfield>
        <marc:controlfield tag="008">140114s2013    enk      b    001 0 eng c</marc:controlfield>
        <marc:datafield tag="010" ind1=" " ind2=" ">
            <marc:subfield code="a">  2013404107</marc:subfield>
        </marc:datafield>
        <marc:datafield tag="015" ind1=" " ind2=" ">
            <marc:subfield code="a">GBB369434</marc:subfield>
            <marc:subfield code="2">bnb</marc:subfield>
        </marc:datafield>
        <marc:datafield tag="016" ind1="7" ind2=" ">
            <marc:subfield code="a">016467758</marc:subfield>
            <marc:subfield code="2">Uk</marc:subfield>
        </marc:datafield>
        <marc:datafield tag="020" ind1=" " ind2=" ">
            <marc:subfield code="a">9781137264008 (hbk.)</marc:subfield>
        </marc:datafield>
        <marc:datafield tag="020" ind1=" " ind2=" ">
            <marc:subfield code="a">1137264004 (hbk.)</marc:subfield>
        </marc:datafield>
        <marc:datafield tag="020" ind1=" " ind2=" ">
            <marc:subfield code="a">9781137263995 (pbk.)</marc:subfield>
        </marc:datafield>
        <marc:datafield tag="020" ind1=" " ind2=" ">
            <marc:subfield code="a">1137263997 (pbk.)</marc:subfield>
        </marc:datafield>
        <marc:datafield tag="035" ind1=" " ind2=" ">
            <marc:subfield code="a">(OCoLC)ocn841892752</marc:subfield>
        </marc:datafield>
        <marc:datafield tag="040" ind1=" " ind2=" ">
            <marc:subfield code="a">BTCTA</marc:subfield>
            <marc:subfield code="b">eng</marc:subfield>
            <marc:subfield code="c">BTCTA</marc:subfield>
            <marc:subfield code="d">UKMGB</marc:subfield>
            <marc:subfield code="d">YDXCP</marc:subfield>
            <marc:subfield code="d">BDX</marc:subfield>
            <marc:subfield code="d">CHVBK</marc:subfield>
            <marc:subfield code="d">B@L</marc:subfield>
            <marc:subfield code="d">IQU</marc:subfield>
            <marc:subfield code="d">NKM</marc:subfield>
            <marc:subfield code="d">NLE</marc:subfield>
            <marc:subfield code="d">UV0</marc:subfield>
            <marc:subfield code="d">ICW</marc:subfield>
            <marc:subfield code="d">MUU</marc:subfield>
            <marc:subfield code="d">COO</marc:subfield>
            <marc:subfield code="d">ZCU</marc:subfield>
            <marc:subfield code="d">DLC</marc:subfield>
            <marc:subfield code="e">rda</marc:subfield>
        </marc:datafield>
        <marc:datafield tag="042" ind1=" " ind2=" ">
            <marc:subfield code="a">pcc</marc:subfield>
        </marc:datafield>
        <marc:datafield tag="050" ind1="0" ind2="0">
            <marc:subfield code="a">PR6039.O32</marc:subfield>
            <marc:subfield code="b">Z6655 2013</marc:subfield>
        </marc:datafield>
        <marc:datafield tag="082" ind1="0" ind2="0">
            <marc:subfield code="a">823/.912</marc:subfield>
            <marc:subfield code="2">23</marc:subfield>
        </marc:datafield>
        <marc:datafield tag="245" ind1="0" ind2="0">
            <marc:subfield code="a">J.R.R. Tolkien </marc:subfield>
            <marc:subfield code="b">the Hobbit and the Lord of the rings </marc:subfield>
            <marc:subfield code="c">edited by Peter Hunt</marc:subfield>
        </marc:datafield>
        <marc:datafield tag="260" ind1=" " ind2="1">
            <marc:subfield code="a">Houndmills, Basingstoke, Hampshire [England] :</marc:subfield>
            <marc:subfield code="b">Palgrave Macmillan,</marc:subfield>
            <marc:subfield code="c">2013.</marc:subfield>
        </marc:datafield>
        <marc:datafield tag="300" ind1=" " ind2=" ">
            <marc:subfield code="a">xi, 185 pages ;</marc:subfield>
            <marc:subfield code="c">23 cm.</marc:subfield>
        </marc:datafield>
        <marc:datafield tag="336" ind1=" " ind2=" ">
            <marc:subfield code="a">text</marc:subfield>
            <marc:subfield code="b">txt</marc:subfield>
            <marc:subfield code="2">rdacontent</marc:subfield>
            <marc:subfield code="0">http://rdaregistry.info/termList/RDAContentType/1020</marc:subfield>
        </marc:datafield>
        <marc:datafield tag="337" ind1=" " ind2=" ">
            <marc:subfield code="a">unmediated</marc:subfield>
            <marc:subfield code="b">n</marc:subfield>
            <marc:subfield code="2">rdamedia</marc:subfield>
            <marc:subfield code="0">http://rdaregistry.info/termList/RDAMediaType/1007</marc:subfield>
        </marc:datafield>
        <marc:datafield tag="338" ind1=" " ind2=" ">
            <marc:subfield code="a">volume</marc:subfield>
            <marc:subfield code="b">nc</marc:subfield>
            <marc:subfield code="2">rdacarrier</marc:subfield>
            <marc:subfield code="0">http://rdaregistry.info/termList/RDACarrierType/1049</marc:subfield>
        </marc:datafield>
        <marc:datafield tag="380" ind1=" " ind2=" ">
            <marc:subfield code="a">Book</marc:subfield>
            <marc:subfield code="2">marcgt</marc:subfield>
        </marc:datafield>
        <marc:datafield tag="490" ind1="0" ind2=" ">
            <marc:subfield code="a">New casebooks</marc:subfield>
        </marc:datafield>
        <marc:datafield tag="504" ind1=" " ind2=" ">
            <marc:subfield code="a">Includes bibliographical references (pages 173-178) and index.</marc:subfield>
        </marc:datafield>
        <marc:datafield tag="505" ind1="0" ind2="0">
            <marc:subfield code="t">The Hobbit, the tale, children's literature, and the critics /</marc:subfield>
            <marc:subfield code="r">Keith O'Sullivan --</marc:subfield>
            <marc:subfield code="t">Sources and successors /</marc:subfield>
            <marc:subfield code="r">Maria Sachiko Cecire --</marc:subfield>
            <marc:subfield code="t">The pastoral impulse and the turn to the future in the Hobbit and interwar chldren's fiction /</marc:subfield>
            <marc:subfield code="r">Hazel Sheeky Bird -- Tolkien and the traditional dragon tale : an examination of the Hobbit /</marc:subfield>
            <marc:subfield code="r">C.W. Sullivan III --</marc:subfield>
            <marc:subfield code="t">Tolkien's language /</marc:subfield>
            <marc:subfield code="r">Louise Joy --</marc:subfield>
            <marc:subfield code="t">There and back again : the gendered journey of Tolkien's Hobbits /</marc:subfield>
            <marc:subfield code="r">Zoe Jaques --</marc:subfield>
            <marc:subfield code="t">Tolkien and worldbuiding /</marc:subfield>
            <marc:subfield code="r">Catherine Butler --</marc:subfield>
            <marc:subfield code="t">A topoanalytical reading of landscapes in the Lord of the rings and the Hobbit /</marc:subfield>
            <marc:subfield code="r">Jane Suzanne Carroll --</marc:subfield>
            <marc:subfield code="t">Tolkien and trees /</marc:subfield>
            <marc:subfield code="r">Shelley Saguaro and Deborah Cogan Thacker --</marc:subfield>
            <marc:subfield code="t">From illustration to film : visual narratives and target audiences /</marc:subfield>
            <marc:subfield code="r">Kate Harvey.</marc:subfield>
        </marc:datafield>
        <marc:datafield tag="520" ind1=" " ind2=" ">
            <marc:subfield code="a">"J. R. R. Tolkien is arguably the most influential and popular of all fantasy writers. Although his position and status have long been controversial, his popularity has not faded. His best-loved works,The Hobbit and The Lord of the Rings, have sold millions of copies around the world and continue to enthral readers young and old.  This lively collection of original essays examines The Hobbit and The Lord of the Rings in the light of children's literature theory and approaches, as well as from adult and fantasy literature perspectives. Exploring issues such as gender, language, worldbuilding, and ecocriticism, the volume also places Tolkien's works in the context of a range of visual media, including Peter Jackson's film adaptations." --</marc:subfield>
            <marc:subfield code="c">Publisher website.</marc:subfield>
        </marc:datafield>
        <marc:datafield tag="600" ind1="1" ind2="4">
            <marc:subfield code="a">Tolkien, J. R. R.</marc:subfield>
            <marc:subfield code="q">(John Ronald Reuel)</marc:subfield>
            <marc:subfield code="d">1892-1973</marc:subfield>
            <marc:subfield code="x">Kritikk og tolkning</marc:subfield>
            <marc:subfield code="1">http://viaf.org/viaf/95218067</marc:subfield>
        </marc:datafield>
        <marc:datafield tag="600" ind1="1" ind2="7">
            <marc:subfield code="a">Tolkien, J. R. R.</marc:subfield>
            <marc:subfield code="d">1892-1973</marc:subfield>
            <marc:subfield code="t">The Hobbit</marc:subfield>
            <marc:subfield code="2">gnd</marc:subfield>
            <marc:subfield code="1">http://viaf.org/viaf/309569545</marc:subfield>
        </marc:datafield>
        <marc:datafield tag="600" ind1="1" ind2="7">
            <marc:subfield code="a">Tolkien, J. R. R.</marc:subfield>
            <marc:subfield code="d">1892-1973</marc:subfield>
            <marc:subfield code="t">The lord of the rings</marc:subfield>
            <marc:subfield code="2">gnd</marc:subfield>
            <marc:subfield code="1">http://viaf.org/viaf/184093601</marc:subfield>
        </marc:datafield>
        <marc:datafield tag="700" ind1="1" ind2=" ">
            <marc:subfield code="a">Hunt, Peter</marc:subfield>
            <marc:subfield code="d">1945-</marc:subfield>
            <marc:subfield code="e">redaktør</marc:subfield>
            <marc:subfield code="4">edt</marc:subfield>
            <marc:subfield code="1">http://viaf.org/viaf/111512079</marc:subfield>
        </marc:datafield>
        <marc:datafield tag="830" ind1=" " ind2="0">
            <marc:subfield code="a">New casebooks (Palgrave Macmillan (Firm))</marc:subfield>
        </marc:datafield>
    </marc:record>