
    <marc:record>
        <marc:leader>02715cam a2200349 a 4500</marc:leader>
        <marc:controlfield tag="001">16755295</marc:controlfield>
        <marc:controlfield tag="005">20120607134911.0</marc:controlfield>
        <marc:controlfield tag="008">110429s2011    nju      b    001 0 eng  </marc:controlfield>
        <marc:datafield tag="010" ind1=" " ind2=" ">
            <marc:subfield code="a">  2011016167</marc:subfield>
        </marc:datafield>
        <marc:datafield tag="016" ind1="7" ind2=" ">
            <marc:subfield code="a">015877990</marc:subfield>
            <marc:subfield code="2">Uk</marc:subfield>
        </marc:datafield>
        <marc:datafield tag="020" ind1=" " ind2=" ">
            <marc:subfield code="a">9781611470109 (cloth : alk. paper)</marc:subfield>
        </marc:datafield>
        <marc:datafield tag="020" ind1=" " ind2=" ">
            <marc:subfield code="a">1611470102 (cloth : alk. paper)</marc:subfield>
        </marc:datafield>
        <marc:datafield tag="035" ind1=" " ind2=" ">
            <marc:subfield code="a">(OCoLC)ocn713189250</marc:subfield>
        </marc:datafield>
        <marc:datafield tag="040" ind1=" " ind2=" ">
            <marc:subfield code="a">DLC</marc:subfield>
            <marc:subfield code="c">DLC</marc:subfield>
            <marc:subfield code="d">YDX</marc:subfield>
            <marc:subfield code="d">BTCTA</marc:subfield>
            <marc:subfield code="d">YDXCP</marc:subfield>
            <marc:subfield code="d">BWX</marc:subfield>
            <marc:subfield code="d">VVC</marc:subfield>
            <marc:subfield code="d">UKMGB</marc:subfield>
            <marc:subfield code="d">CDX</marc:subfield>
            <marc:subfield code="d">BDX</marc:subfield>
            <marc:subfield code="d">TLE</marc:subfield>
            <marc:subfield code="d">DLC</marc:subfield>
        </marc:datafield>
        <marc:datafield tag="042" ind1=" " ind2=" ">
            <marc:subfield code="a">pcc</marc:subfield>
        </marc:datafield>
        <marc:datafield tag="043" ind1=" " ind2=" ">
            <marc:subfield code="a">e-uk-en</marc:subfield>
        </marc:datafield>
        <marc:datafield tag="050" ind1="0" ind2="0">
            <marc:subfield code="a">PR6039.O32</marc:subfield>
            <marc:subfield code="b">Z685 2011</marc:subfield>
        </marc:datafield>
        <marc:datafield tag="082" ind1="0" ind2="0">
            <marc:subfield code="a">823/.912</marc:subfield>
            <marc:subfield code="2">22</marc:subfield>
        </marc:datafield>
        <marc:datafield tag="245" ind1="0" ind2="0">
            <marc:subfield code="a">Light beyond all shadow</marc:subfield>
            <marc:subfield code="b">religious experience in Tolkien's work</marc:subfield>
            <marc:subfield code="c">edited by Paul E. Kerry and Sandra Miesel</marc:subfield>
        </marc:datafield>
        <marc:datafield tag="260" ind1=" " ind2=" ">
            <marc:subfield code="a">Madison [N.J.] :</marc:subfield>
            <marc:subfield code="b">Fairleigh Dickinson University Press ;</marc:subfield>
            <marc:subfield code="a">Lanham, Md. :</marc:subfield>
            <marc:subfield code="b">Rowman &amp; Littlefield,</marc:subfield>
            <marc:subfield code="c">c2011.</marc:subfield>
        </marc:datafield>
        <marc:datafield tag="300" ind1=" " ind2=" ">
            <marc:subfield code="a">xiii, 220 p. ;</marc:subfield>
            <marc:subfield code="c">24 cm.</marc:subfield>
        </marc:datafield>
        <marc:datafield tag="336" ind1=" " ind2=" ">
            <marc:subfield code="a">text</marc:subfield>
            <marc:subfield code="b">txt</marc:subfield>
            <marc:subfield code="2">rdacontent</marc:subfield>
            <marc:subfield code="0">http://rdaregistry.info/termList/RDAContentType/1020</marc:subfield>
        </marc:datafield>
        <marc:datafield tag="337" ind1=" " ind2=" ">
            <marc:subfield code="a">unmediated</marc:subfield>
            <marc:subfield code="b">n</marc:subfield>
            <marc:subfield code="2">rdamedia</marc:subfield>
            <marc:subfield code="0">http://rdaregistry.info/termList/RDAMediaType/1007</marc:subfield>
        </marc:datafield>
        <marc:datafield tag="338" ind1=" " ind2=" ">
            <marc:subfield code="a">volume</marc:subfield>
            <marc:subfield code="b">nc</marc:subfield>
            <marc:subfield code="2">rdacarrier</marc:subfield>
            <marc:subfield code="0">http://rdaregistry.info/termList/RDACarrierType/1049</marc:subfield>
        </marc:datafield>
        <marc:datafield tag="380" ind1=" " ind2=" ">
            <marc:subfield code="a">Book</marc:subfield>
            <marc:subfield code="2">marcgt</marc:subfield>
        </marc:datafield>
        <marc:datafield tag="505" ind1="0" ind2=" ">
            <marc:subfield code="a">Water, ecology, and spirituality in Tolkien's Middle-earth / Matthew Dickerson -- Divine contagion : on the nature of power in The silmarillion and The lord of the rings / Roger A. Ladd -- Reflections of Christendom in the mythopoeic iconography of Middle-earth / Anne C. Petty -- Biblical archetypes in The lord of the rings / Glen Robert Gill -- Ymagynatyf and J.R.R. Tolkien's Roman Catholicism, Catholic theology, and religion in The lord of the rings / Jared Lobdell -- I am the song : music, poetry, and the transcendent in J.R.R. Tolkien's Middle-earth / Julian Tim Morton Eilmann -- Tolkien : lord of the occult? / John Warwick Montgomery -- The fantastic secret of Tolkien's fairy tales : literature and Jesuit spiritual exercises / Robert Lazu -- Life-giving ladies : women in the writings of J.R.R. Tolkien / Sandra Miesel -- Where two or three are gathered : Tolkien and the Inklings / Colin Duriez -- Peter Jackson, evil, and the temptations of film at the crack of doom / Russell W. Dalton -- Songs of innocence and experience, or, what remains of Tolkien's "Catholic" tale in Peter Jackson's The lord of rings / Christopher Garbowski.</marc:subfield>
        </marc:datafield>
        <marc:datafield tag="504" ind1=" " ind2=" ">
            <marc:subfield code="a">Includes bibliographical references and index.</marc:subfield>
        </marc:datafield>
        <marc:datafield tag="600" ind1="1" ind2="0">
            <marc:subfield code="a">Tolkien, J. R. R.</marc:subfield>
            <marc:subfield code="q">(John Ronald Reuel)</marc:subfield>
            <marc:subfield code="d">1892-1973</marc:subfield>
            <marc:subfield code="x">Kritikk og tolkning</marc:subfield>
        </marc:datafield>
        <marc:datafield tag="600" ind1="1" ind2="0">
            <marc:subfield code="a">Tolkien, J. R. R.</marc:subfield>
            <marc:subfield code="q">(John Ronald Reuel)</marc:subfield>
            <marc:subfield code="d">1892-1973</marc:subfield>
            <marc:subfield code="x">Religion</marc:subfield>
        </marc:datafield>
        <marc:datafield tag="650" ind1=" " ind2="4">
            <marc:subfield code="a">Engelsk fantasy</marc:subfield>
            <marc:subfield code="x">Historie og kritikk</marc:subfield>
        </marc:datafield>
        <marc:datafield tag="650" ind1=" " ind2="4">
            <marc:subfield code="a">Religion i litteratur</marc:subfield>
        </marc:datafield>
        <marc:datafield tag="700" ind1="1" ind2=" ">
            <marc:subfield code="a">Kerry, Paul E.</marc:subfield>
            <marc:subfield code="e">redaktør</marc:subfield>
            <marc:subfield code="4">edt</marc:subfield>
            <marc:subfield code="1">http://viaf.org/viaf/5869681</marc:subfield>
        </marc:datafield>
        <marc:datafield tag="700" ind1="1" ind2=" ">
            <marc:subfield code="a">Miesel, Sandra</marc:subfield>
            <marc:subfield code="d">1941-</marc:subfield>
            <marc:subfield code="e">redaktør</marc:subfield>
            <marc:subfield code="4">edt</marc:subfield>
            <marc:subfield code="1">http://viaf.org/viaf/23399887</marc:subfield>
        </marc:datafield>
    </marc:record>