
    <marc:record>
        <marc:leader>06733cam a2200409 i 4500</marc:leader>
        <marc:controlfield tag="001">19494102</marc:controlfield>
        <marc:controlfield tag="005">20171102152924.0</marc:controlfield>
        <marc:controlfield tag="008">170214s2016    nyuab         001 0 eng d</marc:controlfield>
        <marc:datafield tag="010" ind1=" " ind2=" ">
            <marc:subfield code="a">  2017287179</marc:subfield>
        </marc:datafield>
        <marc:datafield tag="020" ind1=" " ind2=" ">
            <marc:subfield code="a">9780316316385</marc:subfield>
            <marc:subfield code="q">(hardback)</marc:subfield>
        </marc:datafield>
        <marc:datafield tag="020" ind1=" " ind2=" ">
            <marc:subfield code="a">0316316385</marc:subfield>
            <marc:subfield code="q">(hardback)</marc:subfield>
        </marc:datafield>
        <marc:datafield tag="035" ind1=" " ind2=" ">
            <marc:subfield code="a">(OCoLC)ocn943689406</marc:subfield>
        </marc:datafield>
        <marc:datafield tag="040" ind1=" " ind2=" ">
            <marc:subfield code="a">BTCTA</marc:subfield>
            <marc:subfield code="b">eng</marc:subfield>
            <marc:subfield code="c">BTCTA</marc:subfield>
            <marc:subfield code="e">rda</marc:subfield>
            <marc:subfield code="d">BDX</marc:subfield>
            <marc:subfield code="d">YDXCP</marc:subfield>
            <marc:subfield code="d">IAM</marc:subfield>
            <marc:subfield code="d">ORX</marc:subfield>
            <marc:subfield code="d">OCLCO</marc:subfield>
            <marc:subfield code="d">GK6</marc:subfield>
            <marc:subfield code="d">OCLCO</marc:subfield>
            <marc:subfield code="d">SO$</marc:subfield>
            <marc:subfield code="d">VP@</marc:subfield>
            <marc:subfield code="d">BTCTA</marc:subfield>
            <marc:subfield code="d">ILC</marc:subfield>
            <marc:subfield code="d">TXMAL</marc:subfield>
            <marc:subfield code="d">PFLCL</marc:subfield>
            <marc:subfield code="d">YDX</marc:subfield>
            <marc:subfield code="d">FM0</marc:subfield>
            <marc:subfield code="d">MOU</marc:subfield>
            <marc:subfield code="d">NDS</marc:subfield>
            <marc:subfield code="d">WRF</marc:subfield>
            <marc:subfield code="d">HTM</marc:subfield>
            <marc:subfield code="d">DLC</marc:subfield>
        </marc:datafield>
        <marc:datafield tag="042" ind1=" " ind2=" ">
            <marc:subfield code="a">lccopycat</marc:subfield>
        </marc:datafield>
        <marc:datafield tag="050" ind1="0" ind2="0">
            <marc:subfield code="a">PN56.I44</marc:subfield>
            <marc:subfield code="b">L58 2016</marc:subfield>
        </marc:datafield>
        <marc:datafield tag="082" ind1="0" ind2="4">
            <marc:subfield code="a">809/.933</marc:subfield>
            <marc:subfield code="2">23</marc:subfield>
        </marc:datafield>
        <marc:datafield tag="245" ind1="0" ind2="0">
            <marc:subfield code="a">Literary wonderlands</marc:subfield>
            <marc:subfield code="b">a journey through the greatest fictional worlds ever created</marc:subfield>
            <marc:subfield code="c">general editor, Laura Miller</marc:subfield>
        </marc:datafield>
        <marc:datafield tag="260" ind1=" " ind2="1">
            <marc:subfield code="a">New York :</marc:subfield>
            <marc:subfield code="b">Black Dog &amp; Leventhal Publishers,</marc:subfield>
            <marc:subfield code="c">2016.</marc:subfield>
        </marc:datafield>
        <marc:datafield tag="300" ind1=" " ind2=" ">
            <marc:subfield code="a">319 pages :</marc:subfield>
            <marc:subfield code="b">illustrations (chiefly color), color maps ;</marc:subfield>
            <marc:subfield code="c">25 cm</marc:subfield>
        </marc:datafield>
        <marc:datafield tag="336" ind1=" " ind2=" ">
            <marc:subfield code="a">text</marc:subfield>
            <marc:subfield code="b">txt</marc:subfield>
            <marc:subfield code="2">rdacontent</marc:subfield>
            <marc:subfield code="0">http://rdaregistry.info/termList/RDAContentType/1020</marc:subfield>
        </marc:datafield>
        <marc:datafield tag="337" ind1=" " ind2=" ">
            <marc:subfield code="a">unmediated</marc:subfield>
            <marc:subfield code="b">n</marc:subfield>
            <marc:subfield code="2">rdamedia</marc:subfield>
            <marc:subfield code="0">http://rdaregistry.info/termList/RDAMediaType/1007</marc:subfield>
        </marc:datafield>
        <marc:datafield tag="338" ind1=" " ind2=" ">
            <marc:subfield code="a">volume</marc:subfield>
            <marc:subfield code="b">nc</marc:subfield>
            <marc:subfield code="2">rdacarrier</marc:subfield>
            <marc:subfield code="0">http://rdaregistry.info/termList/RDACarrierType/1049</marc:subfield>
        </marc:datafield>
        <marc:datafield tag="380" ind1=" " ind2=" ">
            <marc:subfield code="a">Book</marc:subfield>
            <marc:subfield code="2">marcgt</marc:subfield>
        </marc:datafield>
        <marc:datafield tag="500" ind1=" " ind2=" ">
            <marc:subfield code="a">Includes index.</marc:subfield>
        </marc:datafield>
        <marc:datafield tag="505" ind1="0" ind2=" ">
            <marc:subfield code="a">Introduction -- Anonymous: The epic of Gilgamesh, c.1750 BCE -- Homer: The odyssey, c.725-675 BCE -- Ovid: Metamorphoses, c.8 -- Anonymous: Beowulf, c.700-1100 -- Anonymous: The thousand and one nights, c.700-947 -- Anonymous: The mabinogion, 12th-14th century -- Snorri Sturluson: The prose Edda, c.1220 -- Dante Alighieri: The divine comedy, c.1308-21 -- Thomas Malory: Le morte d'Arthur, 1485 -- Ludovico Ariosto: Orlando Furioso, c.1516/32 -- Thomas More: Utopia, 1516 -- Edmund Spenser: The faerie queene, 1590-1609 -- Wu Cheng'en: Journey to the west (Xiyouji), c.1592 -- Tommaso Campanella: The city of the sun, 1602 -- Miguel de Cervantes: Don Quixote, 1605/15 -- William Shakespeare: The tempest, 1611 -- Cyrano de Bergerac: A voyage to the moon, 1657 -- Margaret Cavendish: The description of a new world, called the Blazing-World, 1666 -- Jonathan Swift: Gulliver's travels, 1726 -- Ludvig Holberg: The journey of Niels Klim to the world underground, 1741 -- Charles Kingsley: The water-babies: A fairy tale for a land baby, 1863 -- Lewis Carroll: Alice's adventures in Wonderland, 1865 -- Jules Verne: Twenty thousand leagues under the sea, 1870 -- Samuel Butler: Erewhon, 1872 -- Richard Wagner: The ring of the Nibelung, 1876 -- Robert Louis Stevenson: Treasure island, 1883 -- Edwin A. Abbott: Flatland: A romance of many dimensions, 1884 -- Edward Bellamy: Looking backward: 2000-1887, 1888 -- Mark Twain: A Connecticut Yankee in King Arthur's Court, 1889 -- H.G. Wells: The time machine, 1895 -- L. Frank Baum: The wonderful wizard of Oz, 1900 -- J.M. Barrie: Peter Pan in Kensington Gardens, 1906 -- Arthur Conan Doyle: The lost world, 1912 -- Edgar Rice Burroughs: At the earth's core, 1914 -- Charlotte Perkins Gilman: Herland, 1915 -- Cecilia May Gibbs: Tales of Snugglepot and Cuddlepie: Their adventures wonderful, 1918 -- Yevgeny Zamyatin: We, 1924 -- Frank Kafka: The castle, 1926 -- H.P. Lovecraft: The Cthulhu mythos, 1928-37 -- Aldous Huxley: Brave new world, 1932 -- Robert E. Howard: Conan the Barbarian, 1932-36 -- Vlladimir Bartol: Alamut, 1938 -- Jorge Luis Borges: Tlön, Uqbar, Orbis Tertius, 1941 -- Austin Tappan Wright: Islandia, 1942 -- Antoine de Saint-Exupéry: The little prince, 1943 -- Tove Jansson: The Moomins and the great flood, 1945 -- Mervyn Peake: Gormenghast, 1946-59 -- George Orwell: Nineteen eighty-four, 1949 -- C.S. Lewis: The chronicles of Narnia, 1950-56 -- Isaac Asimov: I, Robot, 1950 -- Ray Bradbury: Fahrenheit 451, 1953 -- J.R.R. Tolkien: The lord of the rings, 1954-55 -- Juan Rulfo: Pedro Páramo, 1955 -- Stanisław Lem: Solaris, 1961 -- Anthony Burgess: A clockwork orange, 1962 -- Vladimir Nabokov: Pale fire, 1962 -- Pierre Boulle: Planet of the apes, 1963 -- Gabriel García Márquez: One hundred years of solitude, 1967 -- Ursula K. Le Guin: A wizard of Earthsea, 1968 -- Philip K. Dick: Do androids dream of electric sheep?, 1968 -- Peter S. Beagle: The last unicorn, 1968 -- Kurt Vonnegut: Slaughterhouse-five, 1969 -- Larry Niven: Ringworld, 1970 -- Italo Calvino: Invisible cities, 1972 -- William Goldman: The princess bride, 1973 -- Samuel R. Delany: Dhalgren, 1975 -- Georges Perec: W or the memory of childhood, 1975 -- Gerd Mjøen Brantenberg: Egalia's daughters: A satire of the sexes, 1977 -- Angela Carter: The bloody chamber and other stories, 1979 -- Octavia E. Butler: Kindred, 1979 -- Douglas Adams: The hitchhiker's guide to the galaxy, 1979 -- Stephen King: The dark tower series, 1982-2012 -- Terry Pratchett: The Discworld series, 1983-2015 -- William Gibson: Neuromancer, 1984 -- Margaret Atwood: The handmaid's tale, 1985 -- Iain M. Banks: The culture series, 1987-2012 -- Bernardo Atxaga: Obabakoak, 1988 -- Neil Gaiman et al.: The sandman, 1988-2015 -- Neal Stephenson: Snow crash, 1992 -- Lois Lowry: The giver, 1993 -- Philip Pullman: His dark materials, 1995-2000 -- George R.R. Martin: A game of thrones, 1996 -- David Foster Wallace: Infinite jest, 1996 -- J.K. Rowling: Harry Potter and the philosopher's stone, 1997 -- China Miéville: The Bas-lag cycle, 2000-04 -- Jasper Fforde: The Eyre affair, 2001 -- Cornelia Funke: Inkheart, 2003 -- Susanna Clarke: Jonathan Strange &amp; Mr. Norrell, 2004 -- David Mitchell: Cloud Atlas, 2004 -- Kazuo Ishiguro: Never let me go, 2005 -- Ngũgĩ Wa Thiong'o: Wizard of the Crow, 2006 -- Michael Chabon: The Yiddish Policemen's Union, 2007 -- Suzanne Collins: The hunger games, 2008 -- Haruki Murakami: IQ84, 2009-10 -- Wu Ming-Yi: The man with the compound eyes, 2011 -- Ann Leckie: The imperial Radch trilogy, 2013-15 -- Nnedi Okorafor: Lagoon, 2014 -- Salman Rushdie: Two years eight months and twenty-eight nights, 2015.</marc:subfield>
        </marc:datafield>
        <marc:datafield tag="520" ind1=" " ind2=" ">
            <marc:subfield code="a">From the epic of Gilgamesh, almost two thousand years BCE, to the modern fantasies of Stephen King's Dark Tower series and J.K. Rowling's Harry Potter, authors have created fictional realms that have captivated audiences. Miller has guided a team of writers to unlock the mysteries and meanings of nearly 100 fantastical lands. The essays explore the contemporary events and circumstances that influenced each work, and examine how elements of the author's life were relevant to the creation of the story.</marc:subfield>
        </marc:datafield>
        <marc:datafield tag="650" ind1=" " ind2="4">
            <marc:subfield code="a">Imaginære steder</marc:subfield>
        </marc:datafield>
        <marc:datafield tag="655" ind1=" " ind2="4">
            <marc:subfield code="a">Essays</marc:subfield>
        </marc:datafield>
        <marc:datafield tag="700" ind1="1" ind2=" ">
            <marc:subfield code="a">Miller, Laura</marc:subfield>
            <marc:subfield code="d">1960-</marc:subfield>
            <marc:subfield code="e">redaktør</marc:subfield>
            <marc:subfield code="4">edt</marc:subfield>
            <marc:subfield code="1">http://viaf.org/viaf/75786548</marc:subfield>
        </marc:datafield>
    </marc:record>