
    <marc:record>
        <marc:leader>01528cas a22004217a 4500</marc:leader>
        <marc:controlfield tag="001">12936471</marc:controlfield>
        <marc:controlfield tag="005">20160127144903.0</marc:controlfield>
        <marc:controlfield tag="007">t|</marc:controlfield>
        <marc:controlfield tag="008">020919c20029999coubr p       0   a0eng  </marc:controlfield>
        <marc:datafield tag="010" ind1=" " ind2=" ">
            <marc:subfield code="a">  2002211263</marc:subfield>
        </marc:datafield>
        <marc:datafield tag="012" ind1=" " ind2=" ">
            <marc:subfield code="a">-3-7-1601260191-p-----    </marc:subfield>
        </marc:datafield>
        <marc:datafield tag="022" ind1="0" ind2=" ">
            <marc:subfield code="a">1541-8456</marc:subfield>
            <marc:subfield code="l">1541-8456</marc:subfield>
            <marc:subfield code="2">1</marc:subfield>
        </marc:datafield>
        <marc:datafield tag="035" ind1=" " ind2=" ">
            <marc:subfield code="a">(OCoLC)ocm50631577 </marc:subfield>
        </marc:datafield>
        <marc:datafield tag="037" ind1=" " ind2=" ">
            <marc:subfield code="b">Decipher Inc., 253 Granby St., Norfolk, VA 23510</marc:subfield>
        </marc:datafield>
        <marc:datafield tag="040" ind1=" " ind2=" ">
            <marc:subfield code="a">NSDP</marc:subfield>
            <marc:subfield code="b">eng</marc:subfield>
            <marc:subfield code="c">NSDP</marc:subfield>
            <marc:subfield code="d">DLC</marc:subfield>
            <marc:subfield code="d">NSDP</marc:subfield>
            <marc:subfield code="d">OCoLC</marc:subfield>
            <marc:subfield code="d">DLC</marc:subfield>
            <marc:subfield code="d">OCLCF</marc:subfield>
            <marc:subfield code="d">OCoLC</marc:subfield>
        </marc:datafield>
        <marc:datafield tag="042" ind1=" " ind2=" ">
            <marc:subfield code="a">nsdp</marc:subfield>
            <marc:subfield code="a">pcc</marc:subfield>
        </marc:datafield>
        <marc:datafield tag="050" ind1="0" ind2="0">
            <marc:subfield code="a">PN1995.9.L58</marc:subfield>
            <marc:subfield code="b">.L67</marc:subfield>
        </marc:datafield>
        <marc:datafield tag="082" ind1="1" ind2="0">
            <marc:subfield code="a">070</marc:subfield>
            <marc:subfield code="2">13</marc:subfield>
        </marc:datafield>
        <marc:datafield tag="210" ind1="0" ind2=" ">
            <marc:subfield code="a">Lord Rings fan club official mov. mag.</marc:subfield>
        </marc:datafield>
        <marc:datafield tag="222" ind1=" " ind2="4">
            <marc:subfield code="a">The Lord of the Rings fan club official movie magazine</marc:subfield>
        </marc:datafield>
        <marc:datafield tag="245" ind1="0" ind2="4">
            <marc:subfield code="a">The Lord of the Rings fan club official movie magazine</marc:subfield>
        </marc:datafield>
        <marc:datafield tag="246" ind1="3" ind2=" ">
            <marc:subfield code="a">Lord of the Rings</marc:subfield>
        </marc:datafield>
        <marc:datafield tag="260" ind1=" " ind2=" ">
            <marc:subfield code="a">Aurora, CO :</marc:subfield>
            <marc:subfield code="b">Decipher Fan Club Studio,</marc:subfield>
            <marc:subfield code="c">©2002-</marc:subfield>
        </marc:datafield>
        <marc:datafield tag="300" ind1=" " ind2=" ">
            <marc:subfield code="a">volumes :</marc:subfield>
            <marc:subfield code="b">illustrations ;</marc:subfield>
            <marc:subfield code="c">27 cm</marc:subfield>
        </marc:datafield>
        <marc:datafield tag="310" ind1=" " ind2=" ">
            <marc:subfield code="a">Bimonthly</marc:subfield>
        </marc:datafield>
        <marc:datafield tag="336" ind1=" " ind2=" ">
            <marc:subfield code="a">text</marc:subfield>
            <marc:subfield code="b">txt</marc:subfield>
            <marc:subfield code="2">rdacontent</marc:subfield>
            <marc:subfield code="0">http://rdaregistry.info/termList/RDAContentType/1020</marc:subfield>
        </marc:datafield>
        <marc:datafield tag="337" ind1=" " ind2=" ">
            <marc:subfield code="a">unmediated</marc:subfield>
            <marc:subfield code="b">n</marc:subfield>
            <marc:subfield code="2">rdamedia</marc:subfield>
            <marc:subfield code="0">http://rdaregistry.info/termList/RDAMediaType/1007</marc:subfield>
        </marc:datafield>
        <marc:datafield tag="338" ind1=" " ind2=" ">
            <marc:subfield code="a">volume</marc:subfield>
            <marc:subfield code="b">nc</marc:subfield>
            <marc:subfield code="2">rdacarrier</marc:subfield>
            <marc:subfield code="0">http://rdaregistry.info/termList/RDACarrierType/1049</marc:subfield>
        </marc:datafield>
        <marc:datafield tag="380" ind1=" " ind2=" ">
            <marc:subfield code="a">Book</marc:subfield>
            <marc:subfield code="2">marcgt</marc:subfield>
        </marc:datafield>
        <marc:datafield tag="362" ind1="0" ind2=" ">
            <marc:subfield code="a">Issue no. 1 (Feb.-Mar. 2002)-</marc:subfield>
        </marc:datafield>
        <marc:datafield tag="500" ind1=" " ind2=" ">
            <marc:subfield code="a">Title from cover.</marc:subfield>
        </marc:datafield>
        <marc:datafield tag="650" ind1=" " ind2="4">
            <marc:subfield code="a">Lord of the Rings filmer</marc:subfield>
        </marc:datafield>
        <marc:datafield tag="650" ind1=" " ind2="4">
            <marc:subfield code="a">Fan magasiner</marc:subfield>
        </marc:datafield>
        <marc:datafield tag="850" ind1=" " ind2=" ">
            <marc:subfield code="a">DLC</marc:subfield>
        </marc:datafield>
    </marc:record>