
    <marc:record>
        <marc:leader>01185nam a22002054  4500</marc:leader>
        <marc:controlfield tag="001">000371387</marc:controlfield>
        <marc:controlfield tag="005">20090109000000.0</marc:controlfield>
        <marc:controlfield tag="008">000000|        xx            00| u und d</marc:controlfield>
        <marc:datafield tag="020" ind1=" " ind2=" ">
            <marc:subfield code="c">fest geb. : EUR 24.90</marc:subfield>
        </marc:datafield>
        <marc:datafield tag="084" ind1=" " ind2=" ">
            <marc:subfield code="a">Fantasy</marc:subfield>
            <marc:subfield code="2">z</marc:subfield>
        </marc:datafield>
        <marc:datafield tag="100" ind1="1" ind2=" ">
            <marc:subfield code="a">Rothfuss, Patrick</marc:subfield>
            <marc:subfield code="1">http://viaf.org/viaf/85887056</marc:subfield>
            <marc:subfield code="4">aut</marc:subfield>
        </marc:datafield>
        <marc:datafield tag="240" ind1="1" ind2="4">
            <marc:subfield code="a">The name of the wind</marc:subfield>
            <marc:subfield code="l">tysk</marc:subfield>
            <marc:subfield code="1">http://viaf.org/viaf/8209151474963200490006</marc:subfield>
        </marc:datafield>
        <marc:datafield tag="245" ind1="1" ind2="4">
            <marc:subfield code="a">Der Name des Windes</marc:subfield>
            <marc:subfield code="b">Roman</marc:subfield>
            <marc:subfield code="c">Patrick Rothfuss</marc:subfield>
        </marc:datafield>
        <marc:datafield tag="260" ind1=" " ind2=" ">
            <marc:subfield code="a">Stuttgart :</marc:subfield>
            <marc:subfield code="b">Klett-Cotta,</marc:subfield>
            <marc:subfield code="c">2008.</marc:subfield>
        </marc:datafield>
        <marc:datafield tag="300" ind1=" " ind2=" ">
            <marc:subfield code="a">863 S. ;</marc:subfield>
            <marc:subfield code="c">22 cm.</marc:subfield>
        </marc:datafield>
        <marc:datafield tag="336" ind1=" " ind2=" ">
            <marc:subfield code="a">text</marc:subfield>
            <marc:subfield code="b">txt</marc:subfield>
            <marc:subfield code="2">rdacontent</marc:subfield>
            <marc:subfield code="0">http://rdaregistry.info/termList/RDAContentType/1020</marc:subfield>
        </marc:datafield>
        <marc:datafield tag="337" ind1=" " ind2=" ">
            <marc:subfield code="a">unmediated</marc:subfield>
            <marc:subfield code="b">n</marc:subfield>
            <marc:subfield code="2">rdamedia</marc:subfield>
            <marc:subfield code="0">http://rdaregistry.info/termList/RDAMediaType/1007</marc:subfield>
        </marc:datafield>
        <marc:datafield tag="338" ind1=" " ind2=" ">
            <marc:subfield code="a">volume</marc:subfield>
            <marc:subfield code="b">nc</marc:subfield>
            <marc:subfield code="2">rdacarrier</marc:subfield>
            <marc:subfield code="0">http://rdaregistry.info/termList/RDACarrierType/1049</marc:subfield>
        </marc:datafield>
        <marc:datafield tag="380" ind1=" " ind2=" ">
            <marc:subfield code="a">Book</marc:subfield>
            <marc:subfield code="2">marcgt</marc:subfield>
        </marc:datafield>
        <marc:datafield tag="490" ind1="0" ind2=" ">
            <marc:subfield code="a">Die Königsmörder-Chronik / Patrick Rothfuss</marc:subfield>
            <marc:subfield code="v">Tag 1</marc:subfield>
        </marc:datafield>
        <marc:datafield tag="490" ind1="0" ind2=" ">
            <marc:subfield code="a">Hobbit-Presse</marc:subfield>
        </marc:datafield>
        <marc:datafield tag="730" ind1=" " ind2="a">
            <marc:subfield code="a"/>
            <marc:subfield code="h">the name of the wind</marc:subfield>
            <marc:subfield code="l">dt..</marc:subfield>
        </marc:datafield>
    </marc:record>