
    <marc:record>
        <marc:leader>01247nam a2200361 c 4500</marc:leader>
        <marc:controlfield tag="001">a5814080</marc:controlfield>
        <marc:controlfield tag="003">SpMaBN</marc:controlfield>
        <marc:controlfield tag="005">20160623142717.5</marc:controlfield>
        <marc:controlfield tag="008">160614s2016    sp a   | |||| 000 f spa  </marc:controlfield>
        <marc:datafield tag="015" ind1=" " ind2=" ">
            <marc:subfield code="a">MON1606</marc:subfield>
        </marc:datafield>
        <marc:datafield tag="017" ind1=" " ind2=" ">
            <marc:subfield code="a">B 3489-2016</marc:subfield>
            <marc:subfield code="b">Oficina Depósito Legal Barcelona</marc:subfield>
        </marc:datafield>
        <marc:datafield tag="020" ind1=" " ind2=" ">
            <marc:subfield code="a">978-84-663-3316-0</marc:subfield>
        </marc:datafield>
        <marc:datafield tag="035" ind1=" " ind2=" ">
            <marc:subfield code="a">(OCoLC)953000793</marc:subfield>
        </marc:datafield>
        <marc:datafield tag="040" ind1=" " ind2=" ">
            <marc:subfield code="a">SpMaBN</marc:subfield>
            <marc:subfield code="b">spa</marc:subfield>
            <marc:subfield code="c">SpMaBN</marc:subfield>
            <marc:subfield code="e">rdc</marc:subfield>
        </marc:datafield>
        <marc:datafield tag="041" ind1="1" ind2=" ">
            <marc:subfield code="a">spa</marc:subfield>
            <marc:subfield code="h">eng</marc:subfield>
        </marc:datafield>
        <marc:datafield tag="080" ind1=" " ind2=" ">
            <marc:subfield code="a">821.111(73)-31"19"</marc:subfield>
        </marc:datafield>
        <marc:datafield tag="100" ind1="1" ind2=" ">
            <marc:subfield code="a">Rothfuss, Patrick</marc:subfield>
            <marc:subfield code="1">http://viaf.org/viaf/85887056</marc:subfield>
            <marc:subfield code="4">aut</marc:subfield>
        </marc:datafield>
        <marc:datafield tag="240" ind1="1" ind2="4">
            <marc:subfield code="a">The slow regard of silent things</marc:subfield>
            <marc:subfield code="l">Español</marc:subfield>
            <marc:subfield code="1">http://viaf.org/viaf/6508152502979610800006</marc:subfield>
        </marc:datafield>
        <marc:datafield tag="245" ind1="1" ind2="3">
            <marc:subfield code="a">La música del silencio</marc:subfield>
            <marc:subfield code="c">Patrick Rothfuss ; con ilustraciones de Marc Simonetti ; traducción de Gemma Rovira</marc:subfield>
        </marc:datafield>
        <marc:datafield tag="250" ind1=" " ind2=" ">
            <marc:subfield code="a">1ª ed.</marc:subfield>
        </marc:datafield>
        <marc:datafield tag="260" ind1=" " ind2=" ">
            <marc:subfield code="a">[Barcelona]</marc:subfield>
            <marc:subfield code="b">Debolsillo</marc:subfield>
            <marc:subfield code="c">2016</marc:subfield>
        </marc:datafield>
        <marc:datafield tag="300" ind1=" " ind2=" ">
            <marc:subfield code="a">144 p.</marc:subfield>
            <marc:subfield code="b">il.</marc:subfield>
            <marc:subfield code="c">19 cm</marc:subfield>
        </marc:datafield>
        <marc:datafield tag="336" ind1=" " ind2=" ">
            <marc:subfield code="a">text</marc:subfield>
            <marc:subfield code="b">txt</marc:subfield>
            <marc:subfield code="2">rdacontent</marc:subfield>
            <marc:subfield code="0">http://rdaregistry.info/termList/RDAContentType/1020</marc:subfield>
        </marc:datafield>
        <marc:datafield tag="337" ind1=" " ind2=" ">
            <marc:subfield code="a">unmediated</marc:subfield>
            <marc:subfield code="b">n</marc:subfield>
            <marc:subfield code="2">rdamedia</marc:subfield>
            <marc:subfield code="0">http://rdaregistry.info/termList/RDAMediaType/1007</marc:subfield>
        </marc:datafield>
        <marc:datafield tag="338" ind1=" " ind2=" ">
            <marc:subfield code="a">volume</marc:subfield>
            <marc:subfield code="b">nc</marc:subfield>
            <marc:subfield code="2">rdacarrier</marc:subfield>
            <marc:subfield code="0">http://rdaregistry.info/termList/RDACarrierType/1049</marc:subfield>
        </marc:datafield>
        <marc:datafield tag="380" ind1=" " ind2=" ">
            <marc:subfield code="a">Book</marc:subfield>
            <marc:subfield code="2">marcgt</marc:subfield>
        </marc:datafield>
        <marc:datafield tag="490" ind1="0" ind2=" ">
            <marc:subfield code="a">Bestseller</marc:subfield>
            <marc:subfield code="v">827/5</marc:subfield>
        </marc:datafield>
        <marc:datafield tag="490" ind1="0" ind2=" ">
            <marc:subfield code="a">Biblioteca Patrick Rothfuss</marc:subfield>
            <marc:subfield code="v">5</marc:subfield>
        </marc:datafield>
        <marc:datafield tag="594" ind1=" " ind2=" ">
            <marc:subfield code="a">Originaltittel: The slow regard of silent things</marc:subfield>
        </marc:datafield>
        <marc:datafield tag="655" ind1=" " ind2="4">
            <marc:subfield code="a">High fantasy</marc:subfield>
        </marc:datafield>
        <marc:datafield tag="700" ind1="1" ind2=" ">
            <marc:subfield code="a">Simonetti, Marc</marc:subfield>
            <marc:subfield code="e">illustratør</marc:subfield>
            <marc:subfield code="4">ill</marc:subfield>
            <marc:subfield code="1">http://viaf.org/viaf/85882467</marc:subfield>
        </marc:datafield>
        <marc:datafield tag="700" ind1="1" ind2=" ">
            <marc:subfield code="a">Rovira Ortega, Gemma</marc:subfield>
            <marc:subfield code="e">oversetter</marc:subfield>
            <marc:subfield code="4">trl</marc:subfield>
            <marc:subfield code="1">http://viaf.org/viaf/51403112</marc:subfield>
        </marc:datafield>
    </marc:record>