
    <marc:record>
        <marc:leader>01129nam a22003370  4500</marc:leader>
        <marc:controlfield tag="001">05143373</marc:controlfield>
        <marc:controlfield tag="005">20170829141507.0</marc:controlfield>
        <marc:controlfield tag="008">000000r20021977dk            00| f dan d</marc:controlfield>
        <marc:datafield tag="020" ind1=" " ind2=" ">
            <marc:subfield code="a">8701534912 (hf.)</marc:subfield>
            <marc:subfield code="c">kr. 148,00</marc:subfield>
        </marc:datafield>
        <marc:datafield tag="041" ind1="1" ind2=" ">
            <marc:subfield code="a">dan</marc:subfield>
            <marc:subfield code="h">eng</marc:subfield>
        </marc:datafield>
        <marc:datafield tag="084" ind1=" " ind2=" ">
            <marc:subfield code="a">83:26</marc:subfield>
            <marc:subfield code="2">z</marc:subfield>
        </marc:datafield>
        <marc:datafield tag="100" ind1="1" ind2=" ">
            <marc:subfield code="a">Tolkien, J. R. R.</marc:subfield>
            <marc:subfield code="1">http://viaf.org/viaf/95218067</marc:subfield>
            <marc:subfield code="4">aut</marc:subfield>
        </marc:datafield>
        <marc:datafield tag="240" ind1="1" ind2="4">
            <marc:subfield code="a">The hobbit</marc:subfield>
            <marc:subfield code="l">dansk</marc:subfield>
            <marc:subfield code="1">http://viaf.org/viaf/309569545</marc:subfield>
        </marc:datafield>
        <marc:datafield tag="245" ind1="1" ind2="0">
            <marc:subfield code="a">Hobbitten eller Ud og hjem igen</marc:subfield>
            <marc:subfield code="c">J.R.R. Tolkien ; illustreret af forfatteren ; på dansk ved Ida Nyrop Ludvigsen</marc:subfield>
        </marc:datafield>
        <marc:datafield tag="250" ind1=" " ind2=" ">
            <marc:subfield code="a">4. udgave, 25. oplag.</marc:subfield>
        </marc:datafield>
        <marc:datafield tag="260" ind1=" " ind2=" ">
            <marc:subfield code="a">[Kbh.] :</marc:subfield>
            <marc:subfield code="b">Gyldendal,</marc:subfield>
            <marc:subfield code="c">2002</marc:subfield>
        </marc:datafield>
        <marc:datafield tag="300" ind1=" " ind2=" ">
            <marc:subfield code="a">274 sider :</marc:subfield>
            <marc:subfield code="b">ill.</marc:subfield>
        </marc:datafield>
        <marc:datafield tag="336" ind1=" " ind2=" ">
            <marc:subfield code="a">text</marc:subfield>
            <marc:subfield code="b">txt</marc:subfield>
            <marc:subfield code="2">rdacontent</marc:subfield>
            <marc:subfield code="0">http://rdaregistry.info/termList/RDAContentType/1020</marc:subfield>
        </marc:datafield>
        <marc:datafield tag="337" ind1=" " ind2=" ">
            <marc:subfield code="a">unmediated</marc:subfield>
            <marc:subfield code="b">n</marc:subfield>
            <marc:subfield code="2">rdamedia</marc:subfield>
            <marc:subfield code="0">http://rdaregistry.info/termList/RDAMediaType/1007</marc:subfield>
        </marc:datafield>
        <marc:datafield tag="338" ind1=" " ind2=" ">
            <marc:subfield code="a">volume</marc:subfield>
            <marc:subfield code="b">nc</marc:subfield>
            <marc:subfield code="2">rdacarrier</marc:subfield>
            <marc:subfield code="0">http://rdaregistry.info/termList/RDACarrierType/1049</marc:subfield>
        </marc:datafield>
        <marc:datafield tag="380" ind1=" " ind2=" ">
            <marc:subfield code="a">Book</marc:subfield>
            <marc:subfield code="2">marcgt</marc:subfield>
        </marc:datafield>
        <marc:datafield tag="650" ind1=" " ind2="4">
            <marc:subfield code="a">det gode</marc:subfield>
        </marc:datafield>
        <marc:datafield tag="650" ind1=" " ind2="4">
            <marc:subfield code="a">det onde</marc:subfield>
        </marc:datafield>
        <marc:datafield tag="655" ind1=" " ind2="4">
            <marc:subfield code="a">High fantasy</marc:subfield>
        </marc:datafield>
    </marc:record>