
    <marc:record>
        <marc:leader>00918nam a22002410  4500</marc:leader>
        <marc:controlfield tag="001">05385261</marc:controlfield>
        <marc:controlfield tag="005">20170829145422.0</marc:controlfield>
        <marc:controlfield tag="008">000000r19801979dk            00| u dan d</marc:controlfield>
        <marc:datafield tag="020" ind1=" " ind2=" ">
            <marc:subfield code="a">8701738410 (hf.)</marc:subfield>
            <marc:subfield code="c">kr. 54.50</marc:subfield>
        </marc:datafield>
        <marc:datafield tag="041" ind1="1" ind2=" ">
            <marc:subfield code="a">dan</marc:subfield>
            <marc:subfield code="h">eng</marc:subfield>
        </marc:datafield>
        <marc:datafield tag="084" ind1=" " ind2=" ">
            <marc:subfield code="a">83:26</marc:subfield>
            <marc:subfield code="2">z</marc:subfield>
        </marc:datafield>
        <marc:datafield tag="100" ind1="1" ind2=" ">
            <marc:subfield code="a">Tolkien, J. R. R.</marc:subfield>
            <marc:subfield code="1">http://viaf.org/viaf/95218067</marc:subfield>
            <marc:subfield code="4">aut</marc:subfield>
        </marc:datafield>
        <marc:datafield tag="240" ind1="1" ind2="0">
            <marc:subfield code="a">Farmer Giles of Ham</marc:subfield>
            <marc:subfield code="l">dansk</marc:subfield>
            <marc:subfield code="1">http://viaf.org/viaf/275497244</marc:subfield>
        </marc:datafield>
        <marc:datafield tag="245" ind1="1" ind2="0">
            <marc:subfield code="a">Niels Bonde fra Bol</marc:subfield>
            <marc:subfield code="b">Tom Bombadils eventyr</marc:subfield>
            <marc:subfield code="c">[af] J.R.R. Tolkien ; på dansk ved David Gress-Wright</marc:subfield>
        </marc:datafield>
        <marc:datafield tag="250" ind1=" " ind2=" ">
            <marc:subfield code="a">2. oplag.</marc:subfield>
        </marc:datafield>
        <marc:datafield tag="260" ind1=" " ind2=" ">
            <marc:subfield code="a">[Kbh.] :</marc:subfield>
            <marc:subfield code="b">Gyldendal,</marc:subfield>
            <marc:subfield code="c">1980</marc:subfield>
        </marc:datafield>
        <marc:datafield tag="300" ind1=" " ind2=" ">
            <marc:subfield code="a">134 sider ;</marc:subfield>
            <marc:subfield code="c">20 cm.</marc:subfield>
        </marc:datafield>
        <marc:datafield tag="336" ind1=" " ind2=" ">
            <marc:subfield code="a">text</marc:subfield>
            <marc:subfield code="b">txt</marc:subfield>
            <marc:subfield code="2">rdacontent</marc:subfield>
            <marc:subfield code="0">http://rdaregistry.info/termList/RDAContentType/1020</marc:subfield>
        </marc:datafield>
        <marc:datafield tag="337" ind1=" " ind2=" ">
            <marc:subfield code="a">unmediated</marc:subfield>
            <marc:subfield code="b">n</marc:subfield>
            <marc:subfield code="2">rdamedia</marc:subfield>
            <marc:subfield code="0">http://rdaregistry.info/termList/RDAMediaType/1007</marc:subfield>
        </marc:datafield>
        <marc:datafield tag="338" ind1=" " ind2=" ">
            <marc:subfield code="a">volume</marc:subfield>
            <marc:subfield code="b">nc</marc:subfield>
            <marc:subfield code="2">rdacarrier</marc:subfield>
            <marc:subfield code="0">http://rdaregistry.info/termList/RDACarrierType/1049</marc:subfield>
        </marc:datafield>
        <marc:datafield tag="380" ind1=" " ind2=" ">
            <marc:subfield code="a">Book</marc:subfield>
            <marc:subfield code="2">marcgt</marc:subfield>
        </marc:datafield>
        <marc:datafield tag="500" ind1=" " ind2=" ">
            <marc:subfield code="a">Originaltitler: Farmer Giles of Ham, og The adventures of Tom Bombadil.</marc:subfield>
        </marc:datafield>
        <marc:datafield tag="534" ind1=" " ind2=" ">
            <marc:subfield code="a">Originaludgaver: Niels Bonde fra Bol 1949 ; Tom Bombadils eventyr 1962.</marc:subfield>
        </marc:datafield>
        <marc:datafield tag="534" ind1=" " ind2=" ">
            <marc:subfield code="a">Tidligere: 1. udgave 1979.</marc:subfield>
        </marc:datafield>
    </marc:record>