
    <marc:record>
        <marc:leader>05563cgm a22007697a 4500</marc:leader>
        <marc:controlfield tag="001">20620982</marc:controlfield>
        <marc:controlfield tag="005">20180808095341.0</marc:controlfield>
        <marc:controlfield tag="007">mr cdaafqnarp|||c------</marc:controlfield>
        <marc:controlfield tag="007">co |ga||||||||</marc:controlfield>
        <marc:controlfield tag="008">180808s2012    xxu169            mleng  </marc:controlfield>
        <marc:datafield tag="010" ind1=" " ind2=" ">
            <marc:subfield code="a">  2018601503</marc:subfield>
        </marc:datafield>
        <marc:datafield tag="017" ind1=" " ind2=" ">
            <marc:subfield code="a">PA0001825381</marc:subfield>
            <marc:subfield code="b">U.S. Copyright Office</marc:subfield>
        </marc:datafield>
        <marc:datafield tag="040" ind1=" " ind2=" ">
            <marc:subfield code="a">DLC</marc:subfield>
            <marc:subfield code="c">DLC</marc:subfield>
            <marc:subfield code="e">amim</marc:subfield>
        </marc:datafield>
        <marc:datafield tag="044" ind1=" " ind2=" ">
            <marc:subfield code="a">xxu</marc:subfield>
            <marc:subfield code="a">nz</marc:subfield>
        </marc:datafield>
        <marc:datafield tag="050" ind1="0" ind2="0">
            <marc:subfield code="a">CGF 0479-0487 (viewing print)</marc:subfield>
        </marc:datafield>
        <marc:datafield tag="050" ind1="0" ind2="0">
            <marc:subfield code="a">CGF 0976-0984 (viewing print, copy 2)</marc:subfield>
        </marc:datafield>
        <marc:datafield tag="050" ind1="0" ind2="0">
            <marc:subfield code="a">DVC 6384 (track)</marc:subfield>
        </marc:datafield>
        <marc:datafield tag="050" ind1="0" ind2="0">
            <marc:subfield code="a">CGF 4491-4499 (viewing print, copy 3)</marc:subfield>
        </marc:datafield>
        <marc:datafield tag="130" ind1="0" ind2=" ">
            <marc:subfield code="a">Hobbit, an unexpected journey (Motion picture)</marc:subfield>
        </marc:datafield>
        <marc:datafield tag="245" ind1="1" ind2="4">
            <marc:subfield code="a">The hobbit, an unexpected journey</marc:subfield>
            <marc:subfield code="c">a New Line Cinema, Metro-Goldwyn-Mayer Pictures presentation of a Wingnut Films production ; directed by Peter Jackson ; produced by Carolynne Cunningham, Zane Weiner, Fran Walsh, Peter Jackson ; screenplay by Fran Walsh &amp; Philippa Boyens &amp; Peter Jackson &amp; Guillermo del Toro.</marc:subfield>
        </marc:datafield>
        <marc:datafield tag="246" ind1="3" ind2=" ">
            <marc:subfield code="a">Unexpected journey</marc:subfield>
        </marc:datafield>
        <marc:datafield tag="246" ind1="1" ind2=" ">
            <marc:subfield code="i">Alternative title on copyright application:</marc:subfield>
            <marc:subfield code="a">Hobbit I</marc:subfield>
        </marc:datafield>
        <marc:datafield tag="246" ind1="1" ind2=" ">
            <marc:subfield code="i">Variant title:</marc:subfield>
            <marc:subfield code="a">Hobbit 1</marc:subfield>
        </marc:datafield>
        <marc:datafield tag="246" ind1="1" ind2=" ">
            <marc:subfield code="i">Variant title:</marc:subfield>
            <marc:subfield code="a">Hobbit one</marc:subfield>
        </marc:datafield>
        <marc:datafield tag="246" ind1="1" ind2=" ">
            <marc:subfield code="i">Alternative title on copyright application:</marc:subfield>
            <marc:subfield code="a">Little river</marc:subfield>
        </marc:datafield>
        <marc:datafield tag="257" ind1=" " ind2=" ">
            <marc:subfield code="a">United States ; New Zealand.</marc:subfield>
        </marc:datafield>
        <marc:datafield tag="260" ind1=" " ind2=" ">
            <marc:subfield code="a">United States :</marc:subfield>
            <marc:subfield code="b">Warner Bros.,</marc:subfield>
            <marc:subfield code="c">2012.</marc:subfield>
        </marc:datafield>
        <marc:datafield tag="300" ind1=" " ind2=" ">
            <marc:subfield code="3">viewing print</marc:subfield>
            <marc:subfield code="a">18 film reels of 18 on 9 (169 min., 15,210 ft.) :</marc:subfield>
            <marc:subfield code="b">anamorphic, sd. (opt, Dolby SR, digital, Dolby SR-D, SDDS, Datasat), col. ;</marc:subfield>
            <marc:subfield code="c">35 mm.</marc:subfield>
        </marc:datafield>
        <marc:datafield tag="300" ind1=" " ind2=" ">
            <marc:subfield code="3">viewing print (copy 2)</marc:subfield>
            <marc:subfield code="a">18 film reels of 18 on 9 (169 min., 15,210 ft.) :</marc:subfield>
            <marc:subfield code="b">anamorphic, sd. (opt, Dolby SR, digital, Dolby SR-D, SDDS, Datasat), col. ;</marc:subfield>
            <marc:subfield code="c">35 mm.</marc:subfield>
        </marc:datafield>
        <marc:datafield tag="300" ind1=" " ind2=" ">
            <marc:subfield code="3">viewing print (copy 3)</marc:subfield>
            <marc:subfield code="a">18 film reels of 18 on 9 (169 min., 15,210 ft.) :</marc:subfield>
            <marc:subfield code="b">anamorphic, sd. (opt, Dolby SR), col. ;</marc:subfield>
            <marc:subfield code="c">35 mm.</marc:subfield>
        </marc:datafield>
        <marc:datafield tag="336" ind1=" " ind2=" ">
            <marc:subfield code="a">two-dimensional moving image</marc:subfield>
            <marc:subfield code="b">tdi</marc:subfield>
            <marc:subfield code="2">rdacontent</marc:subfield>
            <marc:subfield code="0">http://rdaregistry.info/termList/RDAContentType/1023</marc:subfield>
        </marc:datafield>
        <marc:datafield tag="337" ind1=" " ind2=" ">
            <marc:subfield code="a">video</marc:subfield>
            <marc:subfield code="b">v</marc:subfield>
            <marc:subfield code="2">rdamedia</marc:subfield>
            <marc:subfield code="0">http://rdaregistry.info/termList/RDAMediaType/1008</marc:subfield>
        </marc:datafield>
        <marc:datafield tag="338" ind1=" " ind2=" ">
            <marc:subfield code="a">film reel</marc:subfield>
            <marc:subfield code="b">fr</marc:subfield>
            <marc:subfield code="2">rdacarrier</marc:subfield>
            <marc:subfield code="0">http://www.rdaregistry.info/termList/RDACarrierType/#1034</marc:subfield>
        </marc:datafield>
        <marc:datafield tag="380" ind1=" " ind2=" ">
            <marc:subfield code="a">Motion picture</marc:subfield>
            <marc:subfield code="2">marcgt</marc:subfield>
        </marc:datafield>
        <marc:datafield tag="538" ind1=" " ind2=" ">
            <marc:subfield code="a">System requirements for CD-ROMs: DTS/Datasat digital playback system.</marc:subfield>
        </marc:datafield>
        <marc:datafield tag="500" ind1=" " ind2=" ">
            <marc:subfield code="a">Based on the novel by J.R.R. Tolkein.</marc:subfield>
        </marc:datafield>
        <marc:datafield tag="511" ind1="1" ind2=" ">
            <marc:subfield code="a">Ian McKellen, Martin Freeman, Richard Armitage, James Nesbitt, Ken Stott, Cate Blanchett, Ian Holm, Christopher Lee, Hugo Weaving, Elijah Wood, Andy Serkis.</marc:subfield>
        </marc:datafield>
        <marc:datafield tag="508" ind1=" " ind2=" ">
            <marc:subfield code="a">Executive producers, Alan Horn, Toby Emmerich, Ken Kamins, Carolyn Blackwood ; camera, Andrew Lesnie ; editor, Jabez Olssen ; music, Howard Shore ; production designer, Dan Hennah ; supervising art director, Simon Bright ; set decorators, RA Vincent, Simon Bright ; costume designers, Ann Maskrey, Richard Taylor, Bob Buck ; sound, Tony Johnson.</marc:subfield>
        </marc:datafield>
        <marc:datafield tag="500" ind1=" " ind2=" ">
            <marc:subfield code="a">CD-ROMs may contain additional tracks for short films, trailers, and other promotional content.</marc:subfield>
        </marc:datafield>
        <marc:datafield tag="500" ind1=" " ind2=" ">
            <marc:subfield code="a">Aspect ratio is 2.35:1.</marc:subfield>
        </marc:datafield>
        <marc:datafield tag="520" ind1=" " ind2=" ">
            <marc:subfield code="a">"Bilbo Baggins (Martin Freeman) joins Gandalf (Ian McKellen) and a band of dwarves led by the brave Thorin (Richard Armitage) on a treacherous quest to reclaim their mountain home from the fierce dragon Smaug in this epic fantasy adventure adapted from J.R.R. Tolkien's beloved novel by the creative forces behind the Lord of the Rings trilogy. Long before Frodo Baggins (Elijah Wood) made his arduous journey to Mordor, his brave uncle Bilbo embarked on an adventure for the ages. Bilbo's story gets under way when the great wizard Gandalf appears at his front gate with a most unusual offer. Displaced from their massive fortress in the Lonely Mountain by Smaug, a greedy dragon who coveted their gold, a community of noble dwarves were decimated by a surprise attack by monstrous orcs, whose dreaded leader the Pale Orc slew their king in a gruesome battle. Now, Thorin, the descendent of the king, is determined to reclaim his mountain kingdom for his people. Together with a fearless team of dwarves, Thorin and Gandalf recruit Bilbo to aid them in their quest since Hobbits have the unique ability to go undetected when they wish to. Before Bilbo, Gandalf, and the dwarves can reach The Lonely Mountain and defeat Smaug, however, they'll have to contend with trolls, goblins, stone giants, Gollum (Andy Serkis), and even the dreaded Pale Orc himself. Peter Jackson directs a screenplay he co-penned with Fran Walsh, Philippa Boyens, and Guillermo del Toro"--Allmovie.com, viewed August 8, 2018.</marc:subfield>
        </marc:datafield>
        <marc:datafield tag="521" ind1="8" ind2=" ">
            <marc:subfield code="a">MPAA rating: PG-13.</marc:subfield>
        </marc:datafield>
        <marc:datafield tag="500" ind1=" " ind2=" ">
            <marc:subfield code="a">Not viewed.</marc:subfield>
        </marc:datafield>
        <marc:datafield tag="500" ind1=" " ind2=" ">
            <marc:subfield code="a">Sources used: Internet movie database, August 8, 2018; Variety, December 3, 2012; Copyright catalog online.</marc:subfield>
        </marc:datafield>
        <marc:datafield tag="600" ind1="1" ind2="0">
            <marc:subfield code="a">Baggins, Bilbo</marc:subfield>
            <marc:subfield code="v">Drama</marc:subfield>
        </marc:datafield>
        <marc:datafield tag="600" ind1="0" ind2="0">
            <marc:subfield code="a">Gandalf</marc:subfield>
            <marc:subfield code="v">Drama</marc:subfield>
        </marc:datafield>
        <marc:datafield tag="650" ind1=" " ind2="4">
            <marc:subfield code="a">Hobbiter (fiktive karakterer)</marc:subfield>
            <marc:subfield code="v">Drama</marc:subfield>
        </marc:datafield>
        <marc:datafield tag="650" ind1=" " ind2="4">
            <marc:subfield code="a">Dwarfs (Folklore)</marc:subfield>
            <marc:subfield code="v">Drama</marc:subfield>
        </marc:datafield>
        <marc:datafield tag="650" ind1=" " ind2="4">
            <marc:subfield code="a">Quests (Expeditions)</marc:subfield>
            <marc:subfield code="v">Drama</marc:subfield>
        </marc:datafield>
        <marc:datafield tag="655" ind1=" " ind2="4">
            <marc:subfield code="a">Fantasy filmer</marc:subfield>
        </marc:datafield>
        <marc:datafield tag="655" ind1=" " ind2="4">
            <marc:subfield code="a">Action og eventyr filmer</marc:subfield>
        </marc:datafield>
        <marc:datafield tag="655" ind1=" " ind2="4">
            <marc:subfield code="a">Episke filmer</marc:subfield>
        </marc:datafield>
        <marc:datafield tag="700" ind1="1" ind2=" ">
            <marc:subfield code="a">Jackson, Peter</marc:subfield>
            <marc:subfield code="d">1961-</marc:subfield>
            <marc:subfield code="e">direction</marc:subfield>
            <marc:subfield code="e">production</marc:subfield>
            <marc:subfield code="4">drt</marc:subfield>
            <marc:subfield code="1">http://viaf.org/viaf/84213729</marc:subfield>
        </marc:datafield>
        <marc:datafield tag="700" ind1="1" ind2=" ">
            <marc:subfield code="a">Cunningham, Carolynne</marc:subfield>
            <marc:subfield code="e">production</marc:subfield>
            <marc:subfield code="4">pro</marc:subfield>
        </marc:datafield>
        <marc:datafield tag="700" ind1="1" ind2=" ">
            <marc:subfield code="a">Weiner, Zane</marc:subfield>
            <marc:subfield code="e">production</marc:subfield>
            <marc:subfield code="4">pro</marc:subfield>
        </marc:datafield>
        <marc:datafield tag="700" ind1="1" ind2=" ">
            <marc:subfield code="a">Walsh, Fran</marc:subfield>
            <marc:subfield code="d">1959-</marc:subfield>
            <marc:subfield code="e">production</marc:subfield>
            <marc:subfield code="e">writing</marc:subfield>
            <marc:subfield code="4">pro</marc:subfield>
        </marc:datafield>
        <marc:datafield tag="700" ind1="1" ind2=" ">
            <marc:subfield code="a">Boyens, Philippa</marc:subfield>
            <marc:subfield code="e">writing</marc:subfield>
            <marc:subfield code="4">aus</marc:subfield>
        </marc:datafield>
        <marc:datafield tag="700" ind1="1" ind2=" ">
            <marc:subfield code="a">Toro, Guillermo del</marc:subfield>
            <marc:subfield code="d">1964-</marc:subfield>
            <marc:subfield code="e">writing</marc:subfield>
            <marc:subfield code="4">aus</marc:subfield>
        </marc:datafield>
        <marc:datafield tag="700" ind1="1" ind2=" ">
            <marc:subfield code="a">McKellen, Ian</marc:subfield>
            <marc:subfield code="e">cast</marc:subfield>
            <marc:subfield code="4">act</marc:subfield>
        </marc:datafield>
        <marc:datafield tag="700" ind1="1" ind2=" ">
            <marc:subfield code="a">Freeman, Martin</marc:subfield>
            <marc:subfield code="d">1971-</marc:subfield>
            <marc:subfield code="e">cast</marc:subfield>
            <marc:subfield code="4">act</marc:subfield>
        </marc:datafield>
        <marc:datafield tag="700" ind1="1" ind2=" ">
            <marc:subfield code="a">Armitage, Richard</marc:subfield>
            <marc:subfield code="d">1971-</marc:subfield>
            <marc:subfield code="e">cast</marc:subfield>
            <marc:subfield code="4">act</marc:subfield>
        </marc:datafield>
        <marc:datafield tag="700" ind1="1" ind2=" ">
            <marc:subfield code="a">Tolkien, J. R. R.</marc:subfield>
            <marc:subfield code="q">(John Ronald Reuel)</marc:subfield>
            <marc:subfield code="d">1892-1973</marc:subfield>
            <marc:subfield code="t">Hobbit</marc:subfield>
            <marc:subfield code="i">is motion picture adaption of</marc:subfield>
            <marc:subfield code="1">http://viaf.org/viaf/309569545</marc:subfield>
            <marc:subfield code="4">http://www.rdaregistry.info/Elements/u/#P60227</marc:subfield>
        </marc:datafield>
        <marc:datafield tag="710" ind1="2" ind2=" ">
            <marc:subfield code="a">New Line Cinema Corporation.</marc:subfield>
        </marc:datafield>
        <marc:datafield tag="710" ind1="2" ind2=" ">
            <marc:subfield code="a">Metro-Goldwyn-Mayer.</marc:subfield>
        </marc:datafield>
        <marc:datafield tag="710" ind1="2" ind2=" ">
            <marc:subfield code="a">WingNut Films (Firm)</marc:subfield>
        </marc:datafield>
        <marc:datafield tag="710" ind1="2" ind2=" ">
            <marc:subfield code="a">Copyright Collection (Library of Congress)</marc:subfield>
            <marc:subfield code="5">DLC</marc:subfield>
        </marc:datafield>
        <marc:datafield tag="786" ind1="1" ind2="8">
            <marc:subfield code="t">Hobbit, an unexpected journey</marc:subfield>
            <marc:subfield code="w">(DLC) 1950371</marc:subfield>
            <marc:subfield code="n">MAVIS</marc:subfield>
        </marc:datafield>
    </marc:record>