
    <marc:record>
        <marc:leader>04600cgm a22007577a 4500</marc:leader>
        <marc:controlfield tag="001">20621762</marc:controlfield>
        <marc:controlfield tag="005">20180808152339.0</marc:controlfield>
        <marc:controlfield tag="007">mr c|aafqnarp|||c------</marc:controlfield>
        <marc:controlfield tag="008">180808s2013    xxu161            mleng  </marc:controlfield>
        <marc:datafield tag="010" ind1=" " ind2=" ">
            <marc:subfield code="a">  2018601505</marc:subfield>
        </marc:datafield>
        <marc:datafield tag="017" ind1=" " ind2=" ">
            <marc:subfield code="a">PA0001874037</marc:subfield>
            <marc:subfield code="b">U.S. Copyright Office</marc:subfield>
        </marc:datafield>
        <marc:datafield tag="040" ind1=" " ind2=" ">
            <marc:subfield code="a">DLC</marc:subfield>
            <marc:subfield code="c">DLC</marc:subfield>
            <marc:subfield code="e">amim</marc:subfield>
        </marc:datafield>
        <marc:datafield tag="044" ind1=" " ind2=" ">
            <marc:subfield code="a">xxu</marc:subfield>
            <marc:subfield code="a">nz</marc:subfield>
        </marc:datafield>
        <marc:datafield tag="050" ind1="0" ind2="0">
            <marc:subfield code="a">CGF 2986-2993 (viewing print)</marc:subfield>
        </marc:datafield>
        <marc:datafield tag="050" ind1="0" ind2="0">
            <marc:subfield code="a">CGF 3652-3659 (viewing print, copy 2)</marc:subfield>
        </marc:datafield>
        <marc:datafield tag="050" ind1="0" ind2="0">
            <marc:subfield code="a">CGF 3700-3707 (viewing print, copy 3)</marc:subfield>
        </marc:datafield>
        <marc:datafield tag="130" ind1="0" ind2=" ">
            <marc:subfield code="a">Hobbit, the desolation of Smaug (Motion picture)</marc:subfield>
        </marc:datafield>
        <marc:datafield tag="245" ind1="1" ind2="4">
            <marc:subfield code="a">The hobbit, the desolation of Smaug</marc:subfield>
            <marc:subfield code="c">a New Line Cinema and Metro-Goldwyn-Mayer Pictures presentation of a Wingnut Films production ; directed by Peter Jackson ; produced by Carolynne Cunningham, Zane Weiner, Fran Walsh, Peter Jackson ; screenplay by Fran Walsh &amp; Philippa Boyens &amp; Peter Jackson &amp; Guillermo del Toro.</marc:subfield>
        </marc:datafield>
        <marc:datafield tag="246" ind1="3" ind2=" ">
            <marc:subfield code="a">Desolation of Smaug</marc:subfield>
        </marc:datafield>
        <marc:datafield tag="246" ind1="1" ind2=" ">
            <marc:subfield code="i">Alternative title on copyright application:</marc:subfield>
            <marc:subfield code="a">Hobbit, part 2</marc:subfield>
        </marc:datafield>
        <marc:datafield tag="246" ind1="1" ind2=" ">
            <marc:subfield code="i">Variant title:</marc:subfield>
            <marc:subfield code="a">Hobbit, part two</marc:subfield>
        </marc:datafield>
        <marc:datafield tag="246" ind1="1" ind2=" ">
            <marc:subfield code="i">Variant title:</marc:subfield>
            <marc:subfield code="a">Hobbit 2</marc:subfield>
        </marc:datafield>
        <marc:datafield tag="246" ind1="1" ind2=" ">
            <marc:subfield code="i">Variant title:</marc:subfield>
            <marc:subfield code="a">Hobbit two</marc:subfield>
        </marc:datafield>
        <marc:datafield tag="246" ind1="1" ind2=" ">
            <marc:subfield code="i">Alternative title on copyright application:</marc:subfield>
            <marc:subfield code="a">Hobbit, there and back again</marc:subfield>
        </marc:datafield>
        <marc:datafield tag="246" ind1="1" ind2=" ">
            <marc:subfield code="i">Alternative title on copyright application:</marc:subfield>
            <marc:subfield code="a">Bigger rivers</marc:subfield>
        </marc:datafield>
        <marc:datafield tag="257" ind1=" " ind2=" ">
            <marc:subfield code="a">United States ; New Zealand.</marc:subfield>
        </marc:datafield>
        <marc:datafield tag="260" ind1=" " ind2=" ">
            <marc:subfield code="a">United States :</marc:subfield>
            <marc:subfield code="b">Warner Bros.,</marc:subfield>
            <marc:subfield code="c">2013.</marc:subfield>
        </marc:datafield>
        <marc:datafield tag="300" ind1=" " ind2=" ">
            <marc:subfield code="3">viewing print</marc:subfield>
            <marc:subfield code="a">16 film reels of 16 on 8 (161 min., 14,675 ft.) :</marc:subfield>
            <marc:subfield code="b">anamorphic, sd. (opt, Dolby SR, digital, Dolby SR-D, Datasat), col. ;</marc:subfield>
            <marc:subfield code="c">35 mm.</marc:subfield>
        </marc:datafield>
        <marc:datafield tag="300" ind1=" " ind2=" ">
            <marc:subfield code="3">viewing print (copy 2)</marc:subfield>
            <marc:subfield code="a">16 film reels of 16 on 8 (161 min., 14,675 ft.) :</marc:subfield>
            <marc:subfield code="b">anamorphic, sd., col. ;</marc:subfield>
            <marc:subfield code="c">35 mm.</marc:subfield>
        </marc:datafield>
        <marc:datafield tag="300" ind1=" " ind2=" ">
            <marc:subfield code="3">viewing print (copy 3)</marc:subfield>
            <marc:subfield code="a">16 film reels of 16 on 8 (161 min., 14,675 ft.) :</marc:subfield>
            <marc:subfield code="b">anamorphic, sd., col. ;</marc:subfield>
            <marc:subfield code="c">35 mm.</marc:subfield>
        </marc:datafield>
        <marc:datafield tag="336" ind1=" " ind2=" ">
            <marc:subfield code="a">two-dimensional moving image</marc:subfield>
            <marc:subfield code="b">tdi</marc:subfield>
            <marc:subfield code="2">rdacontent</marc:subfield>
            <marc:subfield code="0">http://rdaregistry.info/termList/RDAContentType/1023</marc:subfield>
        </marc:datafield>
        <marc:datafield tag="337" ind1=" " ind2=" ">
            <marc:subfield code="a">video</marc:subfield>
            <marc:subfield code="b">v</marc:subfield>
            <marc:subfield code="2">rdamedia</marc:subfield>
            <marc:subfield code="0">http://rdaregistry.info/termList/RDAMediaType/1008</marc:subfield>
        </marc:datafield>
        <marc:datafield tag="338" ind1=" " ind2=" ">
            <marc:subfield code="a">film reel</marc:subfield>
            <marc:subfield code="b">fr</marc:subfield>
            <marc:subfield code="2">rdacarrier</marc:subfield>
            <marc:subfield code="0">http://www.rdaregistry.info/termList/RDACarrierType/#1034</marc:subfield>
        </marc:datafield>
        <marc:datafield tag="380" ind1=" " ind2=" ">
            <marc:subfield code="a">Motion picture</marc:subfield>
            <marc:subfield code="2">marcgt</marc:subfield>
        </marc:datafield>
        <marc:datafield tag="500" ind1=" " ind2=" ">
            <marc:subfield code="a">Based on the novel by J.R.R. Tolkien.</marc:subfield>
        </marc:datafield>
        <marc:datafield tag="511" ind1="1" ind2=" ">
            <marc:subfield code="a">Ian McKellen, Martin Freeman, Richard Armitage, Benedict Cumberbatch,  Evangeline Lilly, Lee Pace, Luke Evans, Stephen Fry, Ken Stott, James Nesbitt, Orlando Bloom.</marc:subfield>
        </marc:datafield>
        <marc:datafield tag="508" ind1=" " ind2=" ">
            <marc:subfield code="a">Executive producers, Alan Horn, Toby Emmerich, Ken Kamins, Carolyn Blackwood. Co-producers, Philippa Boyens, Eileen Moran ; camera, Andrew Lesnie ; editor, Jabez Olssen ; music, Howard Shore ; production designer, Dan Hennah ; supervising art director, Simon Bright ; art directors, Andy McLaren, Brad Mill, Brian Massey ; set decorators, RA Vincent, Simon Bright ; costume designers, Bob Buck, Ann Maskrey, Richard Taylor ; sound, Tony Johnson.</marc:subfield>
        </marc:datafield>
        <marc:datafield tag="500" ind1=" " ind2=" ">
            <marc:subfield code="a">Aspect ratio is 2.35:1.</marc:subfield>
        </marc:datafield>
        <marc:datafield tag="520" ind1=" " ind2=" ">
            <marc:subfield code="a">"Thorin Oakenshield (Richard Armitage), his mighty band of dwarves, Bilbo Baggins (Martin Freeman), and wise wizard Gandalf (Ian McKellen) embark on a crusade to reclaim Erebor from the vicious dragon Smaug (voiced by Benedict Cumberbatch) in this sweeping fantasy adventure that picks up where the events of The Hobbit: An Unexpected Journey left off. Peter Jackson (The Lord of the Rings trilogy) once again directs from a screenplay by Fran Walsh, Philippa Boyens, and Guillermo del Toro"--Allmovie.com, viewed August 8, 2018.</marc:subfield>
        </marc:datafield>
        <marc:datafield tag="500" ind1=" " ind2=" ">
            <marc:subfield code="a">Sequel to: The hobbit, an unexpected journey</marc:subfield>
        </marc:datafield>
        <marc:datafield tag="521" ind1="8" ind2=" ">
            <marc:subfield code="a">MPAA rating: PG-13.</marc:subfield>
        </marc:datafield>
        <marc:datafield tag="500" ind1=" " ind2=" ">
            <marc:subfield code="a">Not viewed.</marc:subfield>
        </marc:datafield>
        <marc:datafield tag="500" ind1=" " ind2=" ">
            <marc:subfield code="a">Sources used: Internet movie database, August 8, 2018; Variety, December 6, 2013; Copyright catalog online.</marc:subfield>
        </marc:datafield>
        <marc:datafield tag="600" ind1="1" ind2="0">
            <marc:subfield code="a">Baggins, Bilbo</marc:subfield>
            <marc:subfield code="v">Drama</marc:subfield>
        </marc:datafield>
        <marc:datafield tag="600" ind1="0" ind2="0">
            <marc:subfield code="a">Gandalf</marc:subfield>
            <marc:subfield code="v">Drama</marc:subfield>
        </marc:datafield>
        <marc:datafield tag="650" ind1=" " ind2="4">
            <marc:subfield code="a">Hobbiter (fiktive karakterer)</marc:subfield>
            <marc:subfield code="v">Drama</marc:subfield>
        </marc:datafield>
        <marc:datafield tag="650" ind1=" " ind2="4">
            <marc:subfield code="a">Dverger (Folklore)</marc:subfield>
            <marc:subfield code="v">Drama</marc:subfield>
        </marc:datafield>
        <marc:datafield tag="650" ind1=" " ind2="4">
            <marc:subfield code="a">Drager</marc:subfield>
            <marc:subfield code="v">Drama</marc:subfield>
        </marc:datafield>
        <marc:datafield tag="655" ind1=" " ind2=" ">
            <marc:subfield code="a">Fantasy filmer</marc:subfield>
        </marc:datafield>
        <marc:datafield tag="655" ind1=" " ind2=" ">
            <marc:subfield code="a">Action og eventyr filmer</marc:subfield>
        </marc:datafield>
        <marc:datafield tag="700" ind1="1" ind2=" ">
            <marc:subfield code="a">Jackson, Peter</marc:subfield>
            <marc:subfield code="d">1961-</marc:subfield>
            <marc:subfield code="e">direction</marc:subfield>
            <marc:subfield code="e">production</marc:subfield>
            <marc:subfield code="4">drt</marc:subfield>
            <marc:subfield code="1">http://viaf.org/viaf/84213729</marc:subfield>
        </marc:datafield>
        <marc:datafield tag="700" ind1="1" ind2=" ">
            <marc:subfield code="a">Cunningham, Carolynne</marc:subfield>
            <marc:subfield code="e">production</marc:subfield>
            <marc:subfield code="4">pro</marc:subfield>
        </marc:datafield>
        <marc:datafield tag="700" ind1="1" ind2=" ">
            <marc:subfield code="a">Weiner, Zane</marc:subfield>
            <marc:subfield code="e">production</marc:subfield>
            <marc:subfield code="4">pro</marc:subfield>
        </marc:datafield>
        <marc:datafield tag="700" ind1="1" ind2=" ">
            <marc:subfield code="a">Walsh, Fran</marc:subfield>
            <marc:subfield code="d">1959-</marc:subfield>
            <marc:subfield code="e">production</marc:subfield>
            <marc:subfield code="e">writing</marc:subfield>
            <marc:subfield code="4">pro</marc:subfield>
        </marc:datafield>
        <marc:datafield tag="700" ind1="1" ind2=" ">
            <marc:subfield code="a">Boyens, Philippa</marc:subfield>
            <marc:subfield code="e">writing</marc:subfield>
            <marc:subfield code="4">aus</marc:subfield>
        </marc:datafield>
        <marc:datafield tag="700" ind1="1" ind2=" ">
            <marc:subfield code="a">Toro, Guillermo del</marc:subfield>
            <marc:subfield code="d">1964-</marc:subfield>
            <marc:subfield code="e">writing</marc:subfield>
            <marc:subfield code="4">aus</marc:subfield>
        </marc:datafield>
        <marc:datafield tag="700" ind1="1" ind2=" ">
            <marc:subfield code="a">McKellen, Ian</marc:subfield>
            <marc:subfield code="e">cast</marc:subfield>
            <marc:subfield code="4">act</marc:subfield>
        </marc:datafield>
        <marc:datafield tag="700" ind1="1" ind2=" ">
            <marc:subfield code="a">Freeman, Martin</marc:subfield>
            <marc:subfield code="d">1971-</marc:subfield>
            <marc:subfield code="e">cast</marc:subfield>
            <marc:subfield code="4">act</marc:subfield>
        </marc:datafield>
        <marc:datafield tag="700" ind1="1" ind2=" ">
            <marc:subfield code="a">Armitage, Richard</marc:subfield>
            <marc:subfield code="d">1971-</marc:subfield>
            <marc:subfield code="e">cast</marc:subfield>
            <marc:subfield code="4">act</marc:subfield>
        </marc:datafield>
        <marc:datafield tag="700" ind1="1" ind2=" ">
            <marc:subfield code="a">Tolkien, J. R. R.</marc:subfield>
            <marc:subfield code="q">(John Ronald Reuel)</marc:subfield>
            <marc:subfield code="d">1892-1973</marc:subfield>
            <marc:subfield code="t">Hobbit</marc:subfield>
            <marc:subfield code="i">is motion picture adaption of</marc:subfield>
            <marc:subfield code="1">http://viaf.org/viaf/309569545</marc:subfield>
            <marc:subfield code="4">http://www.rdaregistry.info/Elements/u/#P60227</marc:subfield>
        </marc:datafield>
        <marc:datafield tag="710" ind1="2" ind2=" ">
            <marc:subfield code="a">New Line Cinema Corporation.</marc:subfield>
        </marc:datafield>
        <marc:datafield tag="710" ind1="2" ind2=" ">
            <marc:subfield code="a">Metro-Goldwyn-Mayer.</marc:subfield>
        </marc:datafield>
        <marc:datafield tag="710" ind1="2" ind2=" ">
            <marc:subfield code="a">WingNut Films (Firm)</marc:subfield>
        </marc:datafield>
        <marc:datafield tag="730" ind1="0" ind2=" ">
            <marc:subfield code="a">Hobbit, an unexpected journey (Motion picture)</marc:subfield>
        </marc:datafield>
        <marc:datafield tag="710" ind1="2" ind2=" ">
            <marc:subfield code="a">Copyright Collection (Library of Congress)</marc:subfield>
            <marc:subfield code="5">DLC</marc:subfield>
        </marc:datafield>
        <marc:datafield tag="786" ind1="1" ind2="8">
            <marc:subfield code="t">Hobbit, the desolation of Smaug</marc:subfield>
            <marc:subfield code="w">(DLC) 208814</marc:subfield>
            <marc:subfield code="n">MAVIS</marc:subfield>
        </marc:datafield>
    </marc:record>