
    <marc:record>
        <marc:leader>02310cim a2200469 a 4500</marc:leader>
        <marc:controlfield tag="001">5799419</marc:controlfield>
        <marc:controlfield tag="005">20151104161243.0</marc:controlfield>
        <marc:controlfield tag="007">sd|bumennmplue</marc:controlfield>
        <marc:controlfield tag="008">990427s1977    caunnn   d     f    eng  </marc:controlfield>
        <marc:datafield tag="010" ind1=" " ind2=" ">
            <marc:subfield code="a">   99389229 </marc:subfield>
        </marc:datafield>
        <marc:datafield tag="028" ind1="0" ind2="2">
            <marc:subfield code="a">103</marc:subfield>
            <marc:subfield code="b">Buena Vista</marc:subfield>
        </marc:datafield>
        <marc:datafield tag="035" ind1=" " ind2=" ">
            <marc:subfield code="9">(DLC)   99389229</marc:subfield>
        </marc:datafield>
        <marc:datafield tag="040" ind1=" " ind2=" ">
            <marc:subfield code="a">DLC</marc:subfield>
            <marc:subfield code="c">DLC</marc:subfield>
            <marc:subfield code="d">WaU</marc:subfield>
            <marc:subfield code="d">DLC</marc:subfield>
        </marc:datafield>
        <marc:datafield tag="050" ind1="0" ind2="0">
            <marc:subfield code="a">Buena Vista 103</marc:subfield>
        </marc:datafield>
        <marc:datafield tag="130" ind1="0" ind2=" ">
            <marc:subfield code="a">Hobbit</marc:subfield>
        </marc:datafield>
        <marc:datafield tag="245" ind1="1" ind2="4">
            <marc:subfield code="a">The Rankin/Bass production of The hobbit</marc:subfield>
            <marc:subfield code="h">[sound recording]</marc:subfield>
        </marc:datafield>
        <marc:datafield tag="246" ind1="1" ind2=" ">
            <marc:subfield code="i">Subtitle on container:</marc:subfield>
            <marc:subfield code="a">Complete original soundtrack, including dialogue, music, and songs</marc:subfield>
        </marc:datafield>
        <marc:datafield tag="246" ind1="3" ind2="0">
            <marc:subfield code="a">Hobbit</marc:subfield>
        </marc:datafield>
        <marc:datafield tag="260" ind1=" " ind2=" ">
            <marc:subfield code="a">[California] :</marc:subfield>
            <marc:subfield code="b">Buena Vista,</marc:subfield>
            <marc:subfield code="c">p1977.</marc:subfield>
        </marc:datafield>
        <marc:datafield tag="300" ind1=" " ind2=" ">
            <marc:subfield code="a">2 sound discs :</marc:subfield>
            <marc:subfield code="b">analog, 33 1/3 rpm ;</marc:subfield>
            <marc:subfield code="c">12 in.</marc:subfield>
        </marc:datafield>
        <marc:datafield tag="336" ind1=" " ind2=" ">
            <marc:subfield code="a">preformed music</marc:subfield>
            <marc:subfield code="b">pmf</marc:subfield>
            <marc:subfield code="2">rdacontent</marc:subfield>
            <marc:subfield code="0">http://rdaregistry.info/termList/RDAContentType/1011</marc:subfield>
        </marc:datafield>
        <marc:datafield tag="337" ind1=" " ind2=" ">
            <marc:subfield code="a">audio</marc:subfield>
            <marc:subfield code="b">s</marc:subfield>
            <marc:subfield code="2">rdamedia</marc:subfield>
            <marc:subfield code="0">http://rdaregistry.info/termList/RDAMediaType/1001</marc:subfield>
        </marc:datafield>
        <marc:datafield tag="338" ind1=" " ind2=" ">
            <marc:subfield code="a">audio disc</marc:subfield>
            <marc:subfield code="b">sd</marc:subfield>
            <marc:subfield code="2">rdacarrier</marc:subfield>
            <marc:subfield code="0">http://rdaregistry.info/termList/RDACarrierType/1004</marc:subfield>
        </marc:datafield>
        <marc:datafield tag="380" ind1=" " ind2=" ">
            <marc:subfield code="a">Sound</marc:subfield>
            <marc:subfield code="2">marcgt</marc:subfield>
        </marc:datafield>
        <marc:datafield tag="500" ind1=" " ind2=" ">
            <marc:subfield code="a">Based on the original version of "The hobbit" written by J.R.R. Tolkien.</marc:subfield>
        </marc:datafield>
        <marc:datafield tag="500" ind1=" " ind2=" ">
            <marc:subfield code="a">Music composed, arranged, and conducted by Maury Laws ; lyrics written and adapted by Jules Bass.</marc:subfield>
        </marc:datafield>
        <marc:datafield tag="511" ind1="0" ind2=" ">
            <marc:subfield code="a">Starring Orson Bean ... [et al.].</marc:subfield>
        </marc:datafield>
        <marc:datafield tag="500" ind1=" " ind2=" ">
            <marc:subfield code="a">Includes a 16-page book of color illustrations from the animated motion picture.</marc:subfield>
        </marc:datafield>
        <marc:datafield tag="520" ind1=" " ind2=" ">
            <marc:subfield code="a">Presents an adaptation of the tale of a well-to-do hobbit, Bilbo Baggins, who lives happily in his comfortable home until a wandering wizard grants his wish.</marc:subfield>
        </marc:datafield>
        <marc:datafield tag="505" ind1="0" ind2=" ">
            <marc:subfield code="a">Bilbo Baggins meets Gandalf -- Thorin and company -- The journey begins -- The trolls -- Rivendell, where Elrond dwells -- Into the misty mountains -- The goblins -- Riddles with Gollum -- Trapped in the trees -- The eagles' rescue -- Mirkwood Forest -- The spiders versus "Sting" -- The woodelves' prison -- Laketown and the lonely mountain -- The dragon Smaug -- Bard saves Laketown -- The battle of five armies -- The journey ends.</marc:subfield>
        </marc:datafield>
        <marc:datafield tag="650" ind1=" " ind2="4">
            <marc:subfield code="a">Midgard (imaginært sted)</marc:subfield>
            <marc:subfield code="v">Drama</marc:subfield>
        </marc:datafield>
        <marc:datafield tag="650" ind1=" " ind2="4">
            <marc:subfield code="a">Midgard (imaginært sted)</marc:subfield>
            <marc:subfield code="v">Sanger og musikk</marc:subfield>
        </marc:datafield>
        <marc:datafield tag="600" ind1="1" ind2="0">
            <marc:subfield code="a">Baggins, Bilbo</marc:subfield>
            <marc:subfield code="v">Drama</marc:subfield>
        </marc:datafield>
        <marc:datafield tag="600" ind1="1" ind2="0">
            <marc:subfield code="a">Baggins, Bilbo</marc:subfield>
            <marc:subfield code="v">Sanger og musikk</marc:subfield>
        </marc:datafield>
        <marc:datafield tag="655" ind1=" " ind2="4">
            <marc:subfield code="a">Fantasy drama</marc:subfield>
        </marc:datafield>
        <marc:datafield tag="655" ind1=" " ind2="4">
            <marc:subfield code="a">Fantasy</marc:subfield>
        </marc:datafield>
        <marc:datafield tag="700" ind1="1" ind2=" ">
            <marc:subfield code="a">Laws, Maury</marc:subfield>
            <marc:subfield code="4">cmp</marc:subfield>
        </marc:datafield>
        <marc:datafield tag="700" ind1="1" ind2=" ">
            <marc:subfield code="a">Bass, Jules</marc:subfield>
            <marc:subfield code="4">wal</marc:subfield>
        </marc:datafield>
        <marc:datafield tag="700" ind1="1" ind2=" ">
            <marc:subfield code="a">Bean, Orson</marc:subfield>
            <marc:subfield code="4">prf</marc:subfield>
        </marc:datafield>
        <marc:datafield tag="700" ind1=" " ind2="2">
            <marc:subfield code="a">Tolkien, J. R. R.</marc:subfield>
            <marc:subfield code="q">(John Ronald Reuel)</marc:subfield>
            <marc:subfield code="d">1892-1973</marc:subfield>
            <marc:subfield code="t">Hobbit</marc:subfield>
            <marc:subfield code="1">http://viaf.org/viaf/309569545</marc:subfield>
        </marc:datafield>
        <marc:datafield tag="710" ind1="2" ind2=" ">
            <marc:subfield code="a">Rankin/Bass Productions.</marc:subfield>
        </marc:datafield>
        <marc:datafield tag="730" ind1="0" ind2=" ">
            <marc:subfield code="a">Hobbit (Motion picture)</marc:subfield>
        </marc:datafield>
    </marc:record>